|0000|001|0|01062008|30062008|ARMSTRONG BRASIL EQUIPAMENTOS IND.LTDA|00258807000129||SP|206084839119|3550308|||B|0|
|0001|0|
|0005|ARMSTRONG BRASIL EQUIPAMENTOS IND.LTDA|42810000|R.BENZENO|S/N||COPEC||||
|0100|MARCIA APARECIDA|38558505853|4431694||04369000|BRIGADEIRO TOBIAS|3333||Paia Grande|31776764  |||3550308|
|0150|3147F|CONFEROL COMERCIAL DE FERRAMENTAS E PRODUTOS INDUSTRIAIS LTDA|01058|02435456000100|||2927408||RUA BARAO DE COTEGIPE, N. 169||CALCADA|CALCADA|
|0190|un|Unidade|
|0200|AD42900001|Segurança e sinalização - misc.|||un|99|00000000||00||17|
|0400|E04.09|USO OU CONSUMO|
|0460|252486|VL IPI:19,07|
|0990|10|
|C001|0|
|C100|0|1|3147F|01|00|1|033089||19062008|19062008|156,00|0|0,00|0,00|156,00|9|0,00|0,00|0,00|0,00|0,00|0,00|0,00|0,00|0,00|0,00|0,00|0,00|
|C120|0|1234567890|||
|C140|1|99|NFF|00001|02|156,00|
|C141|01|19072008|78,00|
|C141|02|19082008|78,00|
|C170|001|AD42900001|Segurança e sinalização - misc. MARCADOR ESF. 60ML BRANCO|12,000|un|78,00|0,00|0|090|1556|E04.09|0,00|0,00|0,00|0,00|0,00|0,00|0|||0,00|0,00|0,00||0,00|0,00|0,000|0,00|0,00||0,00|0,00|0,000|0,00|0,00||
|C170|002|AD42900001|Segurança e sinalização - misc. MARCADOR ESF. 60ML AMARELO|12,000|un|78,00|0,00|0|090|1556|E04.09|0,00|0,00|0,00|0,00|0,00|0,00|0|||0,00|0,00|0,00||0,00|0,00|0,000|0,00|0,00||0,00|0,00|0,000|0,00|0,00||
|C190|090|1556|0,00|156,00|0,00|0,00|0,00|0,00|0,00|0,00|
|C195|252486||
|C990|11|
|D001|1|
|D990|2|
|E001|0|
|E100|01062008|30062008|
|E110|0,00|0,00|1699753,93|0,00|0,00|0,00|985023,48|0,00|41488096,73|0,00|0,00|0,00|40773366,28|0,00|
|E111|SP009999|Outros Debitos|1699753,93|
|E111|SP029999|Outros Creditos|985023,48|
|E500|0|01062008|30062008|
|E510|1101|00|439834,84|406352,08|33482,76|
|E510|1101|00|27033190,50|0,00|0,00|
|E510|1101|00|610,13|0,00|0,00|
|E510|1125|00|196061,60|0,00|0,00|
|E510|1201|00|267001,70|254287,32|12714,37|
|E510|1252|00|1385104,88|0,00|0,00|
|E510|1302|00|32701,92|0,00|0,00|
|E510|1352|00|71292,63|0,00|0,00|
|E510|1352|00|2584009,65|0,00|0,00|
|E510|1551|00|30339,40|0,00|0,00|
|E510|1551|00|1819119,48|0,00|0,00|
|E510|1551|00|105617,45|0,00|0,00|
|E510|1556|00|803793,47|0,00|0,00|
|E510|1556|00|47605,13|0,00|0,00|
|E510|1901|00|743094,97|0,00|0,00|
|E510|1902|00|370343,35|0,00|0,00|
|E510|1906|00|10648998,38|0,00|0,00|
|E510|1908|00|12267,50|0,00|0,00|
|E510|1912|00|1104,00|0,00|0,00|
|E510|1916|00|677170,00|0,00|0,00|
|E510|1921|00|586347,75|0,00|0,00|
|E510|1949|00|2737290,00|0,00|0,00|
|E510|2101|00|2973664,41|2726608,07|247056,32|
|E510|2101|00|2493882,72|0,00|0,00|
|E510|2122|00|597872,49|569402,39|28470,11|
|E510|2151|00|134130,89|0,00|0,00|
|E510|2201|00|92810,64|66159,13|3331,34|
|E510|2201|00|545342,22|0,00|0,00|
|E510|2202|00|28,06|0,00|0,00|
|E510|2352|00|87467,67|0,00|0,00|
|E510|2352|00|385377,06|0,00|0,00|
|E510|2551|00|612456,01|0,00|0,00|
|E510|2551|00|6125299,72|0,00|0,00|
|E510|2551|00|3483204,53|0,00|0,00|
|E510|2556|00|12824,79|0,00|0,00|
|E510|2556|00|221767,45|0,00|0,00|
|E510|2556|00|140444,21|0,00|0,00|
|E510|2912|00|10192,00|0,00|0,00|
|E510|2912|00|23711,32|0,00|0,00|
|E510|2916|00|110860,10|0,00|0,00|
|E510|2919|00|99865,18|0,00|0,00|
|E510|2920|00|21600,00|0,00|0,00|
|E510|2921|00|534600,00|0,00|0,00|
|E510|2949|00|1579452,32|0,00|0,00|
|E510|3101|00|5453440,82|0,00|0,00|
|E510|3551|00|3457014,64|0,00|0,00|
|E510|3551|00|189366,94|0,00|0,00|
|E510|3949|00|3114741,51|0,00|0,00|
|E510|5101|00|7200523,04|235958,09|11797,00|
|E510|5124|00|4123475,27|3927119,29|196355,98|
|E510|6101|00|63493963,06|28045477,65|1985142,34|
|E510|6122|00|841603,11|328665,51|16433,27|
|E510|6949|00|1259430,46|103,00|2806,80|
|E510|5201|50|610,13|0,00|0,00|
|E510|5553|50|635,08|0,00|0,00|
|E510|5556|50|1010,90|0,00|0,00|
|E510|6553|50|2047,40|0,00|0,00|
|E520|0,00|2212535,39|325054,90|0,00|0,00|0,00|1887480,49|
|E990|65|
|H001|0|
|H005|31122007|1000,20|
|H010|AD42900001|un|1000|1,20|1000,20|0||||
|H990|4|
|1001|0|
|1100|0|9999999|30062008|0|33333333|30062008|1111111|25062008|25062008|01|000|
|1990|3|
|9001|0|
|9900|0000|1|
|9900|0001|1|
|9900|0005|1|
|9900|0100|1|
|9900|0150|1|
|9900|0190|1|
|9900|0200|1|
|9900|0400|1|
|9900|0460|1|
|9900|0990|1|
|9900|C001|1|
|9900|C100|1|
|9900|C120|1|
|9900|C140|1|
|9900|C141|2|
|9900|C170|2|
|9900|C190|1|
|9900|C195|1|
|9900|C990|1|
|9900|D001|1|
|9900|D990|1|
|9900|E001|1|
|9900|E100|1|
|9900|E110|1|
|9900|E111|2|
|9900|E500|1|
|9900|E510|57|
|9900|E520|1|
|9900|E990|1|
|9900|H001|1|
|9900|H005|1|
|9900|H010|1|
|9900|H990|1|
|9900|1001|1|
|9900|1100|1|
|9900|1990|1|
|9900|9001|1|
|9900|9900|40|
|9900|9990|1|
|9900|9999|1|
|9990|43|
|9999|138|
