|0000|002|0|0||01042011|30042011|SYLVANA BULHOES CONSULTORIA CONTABIL E FISCAL|77777777000191|MG|3106200||00|0|
|0001|0|
|0110|1|1|2|
|0140|1|SYLVANA BULHOES CONSULTORIA CONTABIL E FISCAL|77777777000191|MG||3106200|||
|0990|5|
|A001|1|
|A990|2|
|C001|0|
|C010|77777777000191||
|C600|29|2900207||||0001802||30042011|34674,48|||||||||||547,66|2522,55|
|C601|01|34043,29|33191,43|1,6500|547,66||
|C601|06|631,19|631,19|0,0000|0,00||
|C605|01|34043,29|33191,43|7,6000|2522,55||
|C605|06|631,19|631,19|0,0000|0,00||
|C600|29|2900306||||0003936||30042011|78862,10|||||||||||1290,81|5945,57|
|C601|01|77640,70|78231,18|1,6500|1290,81||
|C601|06|1221,40|1221,40|0,0000|0,00||
|C605|01|77640,70|78231,18|7,6000|5945,57||
|C605|06|1221,40|1221,40|0,0000|0,00||
|C600|29|2900355||||0002657||30042011|51706,45|||||||||||812,30|3741,52|
|C601|01|50768,21|49230,59|1,6500|812,30||
|C601|06|938,24|938,24|0,0000|0,00||
|C605|01|50768,21|49230,59|7,6000|3741,52||
|C605|06|938,24|938,24|0,0000|0,00||
|C600|29|2900405||||0002396||30042011|60855,09|||||||||||981,27|4519,81|
|C601|01|60088,83|59471,19|1,6500|981,27||
|C601|06|766,26|766,26|0,0000|0,00||
|C605|01|60088,83|59471,19|7,6000|4519,81||
|C605|06|766,26|766,26|0,0000|0,00||
|C600|29|2900603||||0000874||30042011|17890,30|||||||||||290,92|1340,01|
|C601|01|17538,10|17631,69|1,6500|290,92||
|C601|06|352,20|352,20|0,0000|0,00||
|C605|01|17538,10|17631,69|7,6000|1340,01||
|C605|06|352,20|352,20|0,0000|0,00||
|C600|29|2900801||||0004298||30042011|150812,92|||||||||||2431,45|11199,39|
|C601|01|148225,46|147360,42|1,6500|2431,45||
|C601|06|2587,46|2587,46|0,0000|0,00||
|C605|01|148225,46|147360,42|7,6000|11199,39||
|C605|06|2587,46|2587,46|0,0000|0,00||
|C600|29|2900900||||0001913||30042011|41127,07|||||||||||667,17|3073,01|
|C601|01|40610,24|40434,31|1,6500|667,17||
|C601|06|516,83|516,83|0,0000|0,00||
|C605|01|40610,24|40434,31|7,6000|3073,01||
|C605|06|516,83|516,83|0,0000|0,00||
|C600|29|2901007||||0009552||30042011|264006,79|||||||||||4314,39|19872,35|
|C601|01|261010,43|261478,30|1,6500|4314,39||
|C601|06|2996,36|2996,36|0,0000|0,00||
|C605|01|261010,43|261478,30|7,6000|19872,35||
|C605|06|2996,36|2996,36|0,0000|0,00||
|C600|29|2901106||||0005649||30042011|137713,66|||||||||||2195,52|10112,72|
|C601|01|135342,46|133062,12|1,6500|2195,52||
|C601|06|2371,20|2371,20|0,0000|0,00||
|C605|01|135342,46|133062,12|7,6000|10112,72||
|C605|06|2371,20|2371,20|0,0000|0,00||
|C600|29|2901155||||0003955||30042011|76613,45|||||||||||1225,09|5642,86|
|C601|01|75652,86|74248,13|1,6500|1225,09||
|C601|06|960,59|960,59|0,0000|0,00||
|C605|01|75652,86|74248,13|7,6000|5642,86||
|C605|06|960,59|960,59|0,0000|0,00||
|C600|29|2901205||||0001868||30042011|57884,89|||||||||||931,47|4290,40|
|C601|01|57034,40|56452,67|1,6500|931,47||
|C601|06|850,49|850,49|0,0000|0,00||
|C605|01|57034,40|56452,67|7,6000|4290,40||
|C605|06|850,49|850,49|0,0000|0,00||
|C600|29|2901304||||0002284||30042011|61406,14|||||||||||973,93|4485,99|
|C601|01|60479,41|59026,23|1,6500|973,93||
|C601|06|926,73|926,73|0,0000|0,00||
|C605|01|60479,41|59026,23|7,6000|4485,99||
|C605|06|926,73|926,73|0,0000|0,00||
|C600|29|2901353||||0002763||30042011|53191,52|||||||||||857,05|3947,64|
|C601|01|52387,78|51942,66|1,6500|857,05||
|C601|06|803,74|803,74|0,0000|0,00||
|C605|01|52387,78|51942,66|7,6000|3947,64||
|C605|06|803,74|803,74|0,0000|0,00||
|C600|29|2901403||||0001635||30042011|37447,17|||||||||||603,86|2781,44|
|C601|01|36900,09|36597,87|1,6500|603,86||
|C601|06|547,08|547,08|0,0000|0,00||
|C605|01|36900,09|36597,87|7,6000|2781,44||
|C605|06|547,08|547,08|0,0000|0,00||
|C600|29|2901502||||0001781||30042011|46133,89|||||||||||730,95|3366,78|
|C601|01|45498,15|44299,76|1,6500|730,95||
|C601|06|635,74|635,74|0,0000|0,00||
|C605|01|45498,15|44299,76|7,6000|3366,78||
|C605|06|635,74|635,74|0,0000|0,00||
|C600|29|2901601||||0002958||30042011|66247,71|||||||||||1073,27|4943,56|
|C601|01|65468,44|65046,85|1,6500|1073,27||
|C601|06|779,27|779,27|0,0000|0,00||
|C605|01|65468,44|65046,85|7,6000|4943,56||
|C605|06|779,27|779,27|0,0000|0,00||
|C600|29|2901700||||0001331||30042011|26577,42|||||||||||424,86|1956,91|
|C601|01|26144,54|25748,88|1,6500|424,86||
|C601|06|432,88|432,88|0,0000|0,00||
|C605|01|26144,54|25748,88|7,6000|1956,91||
|C605|06|432,88|432,88|0,0000|0,00||
|C600|29|2901809||||0002502||30042011|53925,52|||||||||||856,20|3943,72|
|C601|01|52773,01|51891,00|1,6500|856,20||
|C601|06|1152,51|1152,51|0,0000|0,00||
|C605|01|52773,01|51891,00|7,6000|3943,72||
|C605|06|1152,51|1152,51|0,0000|0,00||
|C600|29|2901908||||0004943||30042011|97000,07|||||||||||1561,24|7191,14|
|C601|01|95610,41|94620,31|1,6500|1561,24||
|C601|06|1389,66|1389,66|0,0000|0,00||
|C605|01|95610,41|94620,31|7,6000|7191,14||
|C605|06|1389,66|1389,66|0,0000|0,00||
|C600|29|2901957||||0001507||30042011|24358,05|||||||||||387,37|1784,25|
|C601|01|23779,96|23476,93|1,6500|387,37||
|C601|06|578,09|578,09|0,0000|0,00||
|C605|01|23779,96|23476,93|7,6000|1784,25||
|C605|06|578,09|578,09|0,0000|0,00||
|C600|29|2902005||||0001489||30042011|33375,20|||||||||||540,69|2490,45|
|C601|01|33021,69|32769,05|1,6500|540,69||
|C601|06|353,51|353,51|0,0000|0,00||
|C605|01|33021,69|32769,05|7,6000|2490,45||
|C605|06|353,51|353,51|0,0000|0,00||
|C600|29|2902104||||0006024||30042011|145916,60|||||||||||2356,34|10853,46|
|C601|01|143427,92|142808,64|1,6500|2356,34||
|C601|06|2488,68|2488,68|0,0000|0,00||
|C605|01|143427,92|142808,64|7,6000|10853,46||
|C605|06|2488,68|2488,68|0,0000|0,00||
|C600|29|2902203||||0001579||30042011|39975,74|||||||||||644,84|2970,16|
|C601|01|39149,46|39080,99|1,6500|644,84||
|C601|06|826,28|826,28|0,0000|0,00||
|C605|01|39149,46|39080,99|7,6000|2970,16||
|C605|06|826,28|826,28|0,0000|0,00||
|C600|29|2902252||||0001750||30042011|34963,36|||||||||||559,57|2577,43|
|C601|01|34427,79|33913,50|1,6500|559,57||
|C601|06|535,57|535,57|0,0000|0,00||
|C605|01|34427,79|33913,50|7,6000|2577,43||
|C605|06|535,57|535,57|0,0000|0,00||
|C600|29|2902302||||0001608||30042011|37241,91|||||||||||587,66|2706,81|
|C601|01|36584,38|35615,93|1,6500|587,66||
|C601|06|657,53|657,53|0,0000|0,00||
|C605|01|36584,38|35615,93|7,6000|2706,81||
|C605|06|657,53|657,53|0,0000|0,00||
|C600|29|2902401||||0002892||30042011|57300,97|||||||||||917,45|4225,85|
|C601|01|56189,19|55603,29|1,6500|917,45||
|C601|06|1111,78|1111,78|0,0000|0,00||
|C605|01|56189,19|55603,29|7,6000|4225,85||
|C605|06|1111,78|1111,78|0,0000|0,00||
|C600|29|2902500||||0000893||30042011|13358,23|||||||||||215,89|994,40|
|C601|01|13189,09|13084,17|1,6500|215,89||
|C601|06|169,14|169,14|0,0000|0,00||
|C605|01|13189,09|13084,17|7,6000|994,40||
|C605|06|169,14|169,14|0,0000|0,00||
|C600|29|2902609||||0003436||30042011|87934,74|||||||||||1387,31|6390,04|
|C601|01|86537,41|84079,53|1,6500|1387,31||
|C601|06|1397,33|1397,33|0,0000|0,00||
|C605|01|86537,41|84079,53|7,6000|6390,04||
|C605|06|1397,33|1397,33|0,0000|0,00||
|C600|29|2902658||||0001487||30042011|36810,22|||||||||||599,44|2761,04|
|C601|01|36422,76|36329,48|1,6500|599,44||
|C601|06|387,46|387,46|0,0000|0,00||
|C605|01|36422,76|36329,48|7,6000|2761,04||
|C605|06|387,46|387,46|0,0000|0,00||
|C600|29|2902807||||0000276||30042011|5665,56|||||||||||89,69|413,11|
|C601|01|5585,19|5435,66|1,6500|89,69||
|C601|06|80,37|80,37|0,0000|0,00||
|C605|01|5585,19|5435,66|7,6000|413,11||
|C605|06|80,37|80,37|0,0000|0,00||
|C600|29|2902906||||0007414||30042011|159262,76|||||||||||2552,38|11756,40|
|C601|01|157298,57|154689,48|1,6500|2552,38||
|C601|06|1964,19|1964,19|0,0000|0,00||
|C605|01|157298,57|154689,48|7,6000|11756,40||
|C605|06|1964,19|1964,19|0,0000|0,00||
|C600|29|2903003||||0003369||30042011|72437,78|||||||||||1168,47|5382,07|
|C601|01|71702,99|70816,66|1,6500|1168,47||
|C601|06|734,79|734,79|0,0000|0,00||
|C605|01|71702,99|70816,66|7,6000|5382,07||
|C605|06|734,79|734,79|0,0000|0,00||
|C600|29|2903102||||0001154||30042011|28195,35|||||||||||452,23|2082,99|
|C601|01|27741,11|27407,70|1,6500|452,23||
|C601|06|454,24|454,24|0,0000|0,00||
|C605|01|27741,11|27407,70|7,6000|2082,99||
|C605|06|454,24|454,24|0,0000|0,00||
|C600|29|2903201||||0036441||30042011|1572267,44|||||||||||25420,94|117090,38|
|C601|01|1552017,39|1540662,91|1,6500|25420,94||
|C601|06|20250,05|20250,05|0,0000|0,00||
|C605|01|1552017,39|1540662,91|7,6000|117090,38||
|C605|06|20250,05|20250,05|0,0000|0,00||
|C600|29|2903235||||0001869||30042011|36634,14|||||||||||567,10|2612,09|
|C601|01|36262,11|34369,63|1,6500|567,10||
|C601|06|372,03|372,03|0,0000|0,00||
|C605|01|36262,11|34369,63|7,6000|2612,09||
|C605|06|372,03|372,03|0,0000|0,00||
|C600|29|2903276||||0002409||30042011|44752,61|||||||||||703,42|3239,98|
|C601|01|44060,09|42631,34|1,6500|703,42||
|C601|06|692,52|692,52|0,0000|0,00||
|C605|01|44060,09|42631,34|7,6000|3239,98||
|C605|06|692,52|692,52|0,0000|0,00||
|C600|29|2903409||||0005186||30042011|157688,89|||||||||||2560,41|11793,42|
|C601|01|155540,10|155176,55|1,6500|2560,41||
|C601|06|2148,79|2148,79|0,0000|0,00||
|C605|01|155540,10|155176,55|7,6000|11793,42||
|C605|06|2148,79|2148,79|0,0000|0,00||
|C600|29|2903607||||0001932||30042011|53996,49|||||||||||848,01|3905,99|
|C601|01|53349,53|51394,64|1,6500|848,01||
|C601|06|646,96|646,96|0,0000|0,00||
|C605|01|53349,53|51394,64|7,6000|3905,99||
|C605|06|646,96|646,96|0,0000|0,00||
|C600|29|2903706||||0002519||30042011|59424,46|||||||||||962,82|4434,80|
|C601|01|58670,64|58352,69|1,6500|962,82||
|C601|06|753,82|753,82|0,0000|0,00||
|C605|01|58670,64|58352,69|7,6000|4434,80||
|C605|06|753,82|753,82|0,0000|0,00||
|C600|29|2903805||||0002758||30042011|64453,15|||||||||||988,20|4551,70|
|C601|01|63391,13|59890,83|1,6500|988,20||
|C601|06|1062,02|1062,02|0,0000|0,00||
|C605|01|63391,13|59890,83|7,6000|4551,70||
|C605|06|1062,02|1062,02|0,0000|0,00||
|C600|29|2903953||||0001124||30042011|24772,84|||||||||||399,98|1842,31|
|C601|01|24407,04|24240,95|1,6500|399,98||
|C601|06|365,80|365,80|0,0000|0,00||
|C605|01|24407,04|24240,95|7,6000|1842,31||
|C605|06|365,80|365,80|0,0000|0,00||
|C600|29|2904001||||0001228||30042011|30405,43|||||||||||488,75|2251,20|
|C601|01|29887,44|29621,01|1,6500|488,75||
|C601|06|517,99|517,99|0,0000|0,00||
|C605|01|29887,44|29621,01|7,6000|2251,20||
|C605|06|517,99|517,99|0,0000|0,00||
|C600|29|2904050||||0001901||30042011|42053,43|||||||||||673,09|3100,31|
|C601|01|41611,34|40793,61|1,6500|673,09||
|C601|06|442,09|442,09|0,0000|0,00||
|C605|01|41611,34|40793,61|7,6000|3100,31||
|C605|06|442,09|442,09|0,0000|0,00||
|C600|29|2904209||||0001522||30042011|43310,94|||||||||||705,38|3249,01|
|C601|01|42982,88|42750,13|1,6500|705,38||
|C601|06|328,06|328,06|0,0000|0,00||
|C605|01|42982,88|42750,13|7,6000|3249,01||
|C605|06|328,06|328,06|0,0000|0,00||
|C600|29|2904308||||0003939||30042011|83816,61|||||||||||1345,89|6199,25|
|C601|01|82230,57|81569,05|1,6500|1345,89||
|C601|06|1586,04|1586,04|0,0000|0,00||
|C605|01|82230,57|81569,05|7,6000|6199,25||
|C605|06|1586,04|1586,04|0,0000|0,00||
|C600|29|2904407||||0000831||30042011|17690,85|||||||||||287,93|1326,23|
|C601|01|17514,44|17450,42|1,6500|287,93||
|C601|06|176,41|176,41|0,0000|0,00||
|C605|01|17514,44|17450,42|7,6000|1326,23||
|C605|06|176,41|176,41|0,0000|0,00||
|C600|29|2904506||||0001226||30042011|32067,06|||||||||||515,02|2372,23|
|C601|01|31619,98|31213,54|1,6500|515,02||
|C601|06|447,08|447,08|0,0000|0,00||
|C605|01|31619,98|31213,54|7,6000|2372,23||
|C605|06|447,08|447,08|0,0000|0,00||
|C600|29|2904605||||0015834||30042011|572071,08|||||||||||9295,90|42817,48|
|C601|01|565781,51|563387,84|1,6500|9295,90||
|C601|06|6289,57|6289,57|0,0000|0,00||
|C605|01|565781,51|563387,84|7,6000|42817,48||
|C605|06|6289,57|6289,57|0,0000|0,00||
|C600|29|2904704||||0004568||30042011|108449,92|||||||||||1749,60|8058,77|
|C601|01|107009,53|106036,51|1,6500|1749,60||
|C601|06|1440,39|1440,39|0,0000|0,00||
|C605|01|107009,53|106036,51|7,6000|8058,77||
|C605|06|1440,39|1440,39|0,0000|0,00||
|C600|29|2904803||||0001426||30042011|37922,98|||||||||||620,19|2856,64|
|C601|01|37601,76|37587,34|1,6500|620,19||
|C601|06|321,22|321,22|0,0000|0,00||
|C605|01|37601,76|37587,34|7,6000|2856,64||
|C605|06|321,22|321,22|0,0000|0,00||
|C600|29|2904852||||0001608||30042011|40265,12|||||||||||661,65|3047,58|
|C601|01|39606,31|40099,80|1,6500|661,65||
|C601|06|658,81|658,81|0,0000|0,00||
|C605|01|39606,31|40099,80|7,6000|3047,58||
|C605|06|658,81|658,81|0,0000|0,00||
|C600|29|2904902||||0007155||30042011|212935,93|||||||||||3410,98|15711,17|
|C601|01|208872,28|206725,95|1,6500|3410,98||
|C601|06|4063,65|4063,65|0,0000|0,00||
|C605|01|208872,28|206725,95|7,6000|15711,17||
|C605|06|4063,65|4063,65|0,0000|0,00||
|C600|29|2905008||||0004602||30042011|142029,32|||||||||||2306,08|10621,93|
|C601|01|140074,02|139762,19|1,6500|2306,08||
|C601|06|1955,30|1955,30|0,0000|0,00||
|C605|01|140074,02|139762,19|7,6000|10621,93||
|C605|06|1955,30|1955,30|0,0000|0,00||
|C600|29|2905107||||0000503||30042011|11361,19|||||||||||177,78|818,84|
|C601|01|11169,44|10774,27|1,6500|177,78||
|C601|06|191,75|191,75|0,0000|0,00||
|C605|01|11169,44|10774,27|7,6000|818,84||
|C605|06|191,75|191,75|0,0000|0,00||
|C600|29|2905206||||0008442||30042011|255404,89|||||||||||4118,31|18969,19|
|C601|01|251604,41|249594,57|1,6500|4118,31||
|C601|06|3800,48|3800,48|0,0000|0,00||
|C605|01|251604,41|249594,57|7,6000|18969,19||
|C605|06|3800,48|3800,48|0,0000|0,00||
|C600|29|2905305||||0003007||30042011|60446,89|||||||||||943,26|4344,73|
|C601|01|59695,03|57167,50|1,6500|943,26||
|C601|06|751,86|751,86|0,0000|0,00||
|C605|01|59695,03|57167,50|7,6000|4344,73||
|C605|06|751,86|751,86|0,0000|0,00||
|C600|29|2905404||||0003976||30042011|225557,41|||||||||||3580,80|16493,37|
|C601|01|221174,48|217018,02|1,6500|3580,80||
|C601|06|4382,93|4382,93|0,0000|0,00||
|C605|01|221174,48|217018,02|7,6000|16493,37||
|C605|06|4382,93|4382,93|0,0000|0,00||
|C600|29|2905503||||0002187||30042011|52444,12|||||||||||831,31|3829,08|
|C601|01|50965,22|50382,67|1,6500|831,31||
|C601|06|1478,90|1478,90|0,0000|0,00||
|C605|01|50965,22|50382,67|7,6000|3829,08||
|C605|06|1478,90|1478,90|0,0000|0,00||
|C600|29|2905602||||0007507||30042011|229170,41|||||||||||3679,14|16946,33|
|C601|01|225161,03|222978,07|1,6500|3679,14||
|C601|06|4009,38|4009,38|0,0000|0,00||
|C605|01|225161,03|222978,07|7,6000|16946,33||
|C605|06|4009,38|4009,38|0,0000|0,00||
|C600|29|2905701||||0059669||30042011|3219007,48|||||||||||52300,24|240898,09|
|C601|01|3172070,54|3169711,73|1,6500|52300,24||
|C601|06|46936,94|46936,94|0,0000|0,00||
|C605|01|3172070,54|3169711,73|7,6000|240898,09||
|C605|06|46936,94|46936,94|0,0000|0,00||
|C600|29|2905800||||0005239||30042011|143579,33|||||||||||2265,29|10434,07|
|C601|01|141250,11|137290,40|1,6500|2265,29||
|C601|06|2329,22|2329,22|0,0000|0,00||
|C605|01|141250,11|137290,40|7,6000|10434,07||
|C605|06|2329,22|2329,22|0,0000|0,00||
|C600|29|2906006||||0007104||30042011|205554,16|||||||||||3301,31|15206,02|
|C601|01|201993,27|200079,18|1,6500|3301,31||
|C601|06|3560,89|3560,89|0,0000|0,00||
|C605|01|201993,27|200079,18|7,6000|15206,02||
|C605|06|3560,89|3560,89|0,0000|0,00||
|C600|29|2906105||||0001733||30042011|36069,04|||||||||||588,36|2710,04|
|C601|01|35769,26|35658,38|1,6500|588,36||
|C601|06|299,78|299,78|0,0000|0,00||
|C605|01|35769,26|35658,38|7,6000|2710,04||
|C605|06|299,78|299,78|0,0000|0,00||
|C600|29|2906204||||0004710||30042011|97942,16|||||||||||1583,74|7294,82|
|C601|01|96946,05|95984,48|1,6500|1583,74||
|C601|06|996,11|996,11|0,0000|0,00||
|C605|01|96946,05|95984,48|7,6000|7294,82||
|C605|06|996,11|996,11|0,0000|0,00||
|C600|29|2906303||||0008504||30042011|276048,43|||||||||||4440,77|20454,45|
|C601|01|272063,82|269137,49|1,6500|4440,77||
|C601|06|3984,61|3984,61|0,0000|0,00||
|C605|01|272063,82|269137,49|7,6000|20454,45||
|C605|06|3984,61|3984,61|0,0000|0,00||
|C600|29|2906402||||0001390||30042011|26579,94|||||||||||422,84|1947,62|
|C601|01|26075,85|25626,57|1,6500|422,84||
|C601|06|504,09|504,09|0,0000|0,00||
|C605|01|26075,85|25626,57|7,6000|1947,62||
|C605|06|504,09|504,09|0,0000|0,00||
|C600|29|2906501||||0022609||30042011|1120593,10|||||||||||18055,46|83164,56|
|C601|01|1106712,77|1094270,55|1,6500|18055,46||
|C601|06|13880,33|13880,33|0,0000|0,00||
|C605|01|1106712,77|1094270,55|7,6000|83164,56||
|C605|06|13880,33|13880,33|0,0000|0,00||
|C600|29|2906600||||0002583||30042011|63702,69|||||||||||1034,60|4765,41|
|C601|01|62973,36|62702,77|1,6500|1034,60||
|C601|06|729,33|729,33|0,0000|0,00||
|C605|01|62973,36|62702,77|7,6000|4765,41||
|C605|06|729,33|729,33|0,0000|0,00||
|C600|29|2906709||||0004697||30042011|124583,16|||||||||||2003,10|9226,38|
|C601|01|122627,49|121399,77|1,6500|2003,10||
|C601|06|1955,67|1955,67|0,0000|0,00||
|C605|01|122627,49|121399,77|7,6000|9226,38||
|C605|06|1955,67|1955,67|0,0000|0,00||
|C600|29|2906808||||0006208||30042011|132541,20|||||||||||2139,68|9855,48|
|C601|01|130947,52|129677,39|1,6500|2139,68||
|C601|06|1593,68|1593,68|0,0000|0,00||
|C605|01|130947,52|129677,39|7,6000|9855,48||
|C605|06|1593,68|1593,68|0,0000|0,00||
|C600|29|2906824||||0002741||30042011|63013,95|||||||||||1002,61|4618,06|
|C601|01|61782,93|60763,96|1,6500|1002,61||
|C601|06|1231,02|1231,02|0,0000|0,00||
|C605|01|61782,93|60763,96|7,6000|4618,06||
|C605|06|1231,02|1231,02|0,0000|0,00||
|C600|29|2906857||||0003113||30042011|82246,40|||||||||||1332,20|6136,21|
|C601|01|81390,26|80739,65|1,6500|1332,20||
|C601|06|856,14|856,14|0,0000|0,00||
|C605|01|81390,26|80739,65|7,6000|6136,21||
|C605|06|856,14|856,14|0,0000|0,00||
|C600|29|2906873||||0009760||30042011|222592,97|||||||||||3617,34|16661,69|
|C601|01|219781,90|219232,74|1,6500|3617,34||
|C601|06|2811,07|2811,07|0,0000|0,00||
|C605|01|219781,90|219232,74|7,6000|16661,69||
|C605|06|2811,07|2811,07|0,0000|0,00||
|C600|29|2906899||||0001028||30042011|22348,83|||||||||||362,30|1668,77|
|C601|01|22079,78|21957,50|1,6500|362,30||
|C601|06|269,05|269,05|0,0000|0,00||
|C605|01|22079,78|21957,50|7,6000|1668,77||
|C605|06|269,05|269,05|0,0000|0,00||
|C600|29|2906907||||0004142||30042011|160176,59|||||||||||2601,79|11984,00|
|C601|01|158078,25|157684,24|1,6500|2601,79||
|C601|06|2098,34|2098,34|0,0000|0,00||
|C605|01|158078,25|157684,24|7,6000|11984,00||
|C605|06|2098,34|2098,34|0,0000|0,00||
|C600|29|2907004||||0001789||30042011|29007,58|||||||||||462,08|2128,35|
|C601|01|28309,63|28004,60|1,6500|462,08||
|C601|06|697,95|697,95|0,0000|0,00||
|C605|01|28309,63|28004,60|7,6000|2128,35||
|C605|06|697,95|697,95|0,0000|0,00||
|C600|29|2907301||||0005463||30042011|147716,27|||||||||||2377,61|10951,43|
|C601|01|145344,07|144097,77|1,6500|2377,61||
|C601|06|2372,20|2372,20|0,0000|0,00||
|C605|01|145344,07|144097,77|7,6000|10951,43||
|C605|06|2372,20|2372,20|0,0000|0,00||
|C600|29|2907558||||0001165||30042011|27767,64|||||||||||449,29|2069,46|
|C601|01|27539,81|27229,78|1,6500|449,29||
|C601|06|227,83|227,83|0,0000|0,00||
|C605|01|27539,81|27229,78|7,6000|2069,46||
|C605|06|227,83|227,83|0,0000|0,00||
|C600|29|2907608||||0004396||30042011|85511,27|||||||||||1367,20|6297,38|
|C601|01|84213,31|82860,32|1,6500|1367,20||
|C601|06|1297,96|1297,96|0,0000|0,00||
|C605|01|84213,31|82860,32|7,6000|6297,38||
|C605|06|1297,96|1297,96|0,0000|0,00||
|C600|29|2907707||||0001773||30042011|44360,31|||||||||||709,83|3269,50|
|C601|01|43421,89|43019,80|1,6500|709,83||
|C601|06|938,42|938,42|0,0000|0,00||
|C605|01|43421,89|43019,80|7,6000|3269,50||
|C605|06|938,42|938,42|0,0000|0,00||
|C600|29|2907806||||0006376||30042011|137232,63|||||||||||2208,57|10172,82|
|C601|01|134897,69|133852,89|1,6500|2208,57||
|C601|06|2334,94|2334,94|0,0000|0,00||
|C605|01|134897,69|133852,89|7,6000|10172,82||
|C605|06|2334,94|2334,94|0,0000|0,00||
|C600|29|2907905||||0003605||30042011|106210,23|||||||||||1692,02|7793,55|
|C601|01|103999,75|102546,74|1,6500|1692,02||
|C601|06|2210,48|2212,76|0,0000|0,00||
|C605|01|103999,75|102546,74|7,6000|7793,55||
|C605|06|2210,48|2212,76|0,0000|0,00||
|C600|29|2908002||||0006237||30042011|156242,11|||||||||||2536,48|11683,19|
|C601|01|154561,64|153726,24|1,6500|2536,48||
|C601|06|1680,47|1680,47|0,0000|0,00||
|C605|01|154561,64|153726,24|7,6000|11683,19||
|C605|06|1680,47|1680,47|0,0000|0,00||
|C600|29|2908200||||0005059||30042011|125569,99|||||||||||2027,14|9337,12|
|C601|01|123317,98|122856,80|1,6500|2027,14||
|C601|06|2252,01|2252,01|0,0000|0,00||
|C605|01|123317,98|122856,80|7,6000|9337,12||
|C605|06|2252,01|2252,01|0,0000|0,00||
|C600|29|2908309||||0002281||30042011|56393,95|||||||||||911,50|4198,42|
|C601|01|55398,21|55242,38|1,6500|911,50||
|C601|06|995,74|995,74|0,0000|0,00||
|C605|01|55398,21|55242,38|7,6000|4198,42||
|C605|06|995,74|995,74|0,0000|0,00||
|C600|29|2908408||||0014673||30042011|361958,07|||||||||||5762,25|26541,29|
|C601|01|356116,02|349227,46|1,6500|5762,25||
|C601|06|5842,05|5842,05|0,0000|0,00||
|C605|01|356116,02|349227,46|7,6000|26541,29||
|C605|06|5842,05|5842,05|0,0000|0,00||
|C600|29|2908507||||0004504||30042011|89709,22|||||||||||1408,04|6485,51|
|C601|01|87735,38|85335,64|1,6500|1408,04||
|C601|06|1973,84|1973,84|0,0000|0,00||
|C605|01|87735,38|85335,64|7,6000|6485,51||
|C605|06|1973,84|1973,84|0,0000|0,00||
|C600|29|2908606||||0005306||30042011|170233,18|||||||||||2734,97|12597,42|
|C601|01|166607,71|165755,56|1,6500|2734,97||
|C601|06|3625,47|3625,47|0,0000|0,00||
|C605|01|166607,71|165755,56|7,6000|12597,42||
|C605|06|3625,47|3625,47|0,0000|0,00||
|C600|29|2908705||||0002633||30042011|65740,90|||||||||||1064,51|4903,18|
|C601|01|65131,80|64515,51|1,6500|1064,51||
|C601|06|609,10|609,10|0,0000|0,00||
|C605|01|65131,80|64515,51|7,6000|4903,18||
|C605|06|609,10|609,10|0,0000|0,00||
|C600|29|2908804||||0000932||30042011|23860,60|||||||||||388,23|1788,19|
|C601|01|23520,21|23528,84|1,6500|388,23||
|C601|06|340,39|340,39|0,0000|0,00||
|C605|01|23520,21|23528,84|7,6000|1788,19||
|C605|06|340,39|340,39|0,0000|0,00||
|C600|29|2908903||||0002808||30042011|58837,33|||||||||||924,75|4259,44|
|C601|01|57874,54|56045,24|1,6500|924,75||
|C601|06|962,79|962,79|0,0000|0,00||
|C605|01|57874,54|56045,24|7,6000|4259,44||
|C605|06|962,79|962,79|0,0000|0,00||
|C600|29|2909000||||0001050||30042011|28078,83|||||||||||454,03|2091,27|
|C601|01|27849,99|27516,76|1,6500|454,03||
|C601|06|228,84|228,84|0,0000|0,00||
|C605|01|27849,99|27516,76|7,6000|2091,27||
|C605|06|228,84|228,84|0,0000|0,00||
|C600|29|2909208||||0003129||30042011|56251,14|||||||||||897,18|4132,49|
|C601|01|55307,32|54374,82|1,6500|897,18||
|C601|06|943,82|943,82|0,0000|0,00||
|C605|01|55307,32|54374,82|7,6000|4132,49||
|C605|06|943,82|943,82|0,0000|0,00||
|C600|29|2909406||||0001968||30042011|42696,34|||||||||||678,01|3122,95|
|C601|01|41764,44|41091,51|1,6500|678,01||
|C601|06|931,90|931,90|0,0000|0,00||
|C605|01|41764,44|41091,51|7,6000|3122,95||
|C605|06|931,90|931,90|0,0000|0,00||
|C600|29|2909505||||0001036||30042011|30067,30|||||||||||483,42|2226,64|
|C601|01|29554,92|29297,94|1,6500|483,42||
|C601|06|512,38|512,38|0,0000|0,00||
|C605|01|29554,92|29297,94|7,6000|2226,64||
|C605|06|512,38|512,38|0,0000|0,00||
|C600|29|2909604||||0002719||30042011|59584,70|||||||||||957,52|4410,39|
|C601|01|58868,59|58031,43|1,6500|957,52||
|C601|06|716,11|716,11|0,0000|0,00||
|C605|01|58868,59|58031,43|7,6000|4410,39||
|C605|06|716,11|716,11|0,0000|0,00||
|C600|29|2909703||||0000998||30042011|20882,13|||||||||||337,83|1556,05|
|C601|01|20665,43|20474,38|1,6500|337,83||
|C601|06|216,70|219,55|0,0000|0,00||
|C605|01|20665,43|20474,38|7,6000|1556,05||
|C605|06|216,70|219,55|0,0000|0,00||
|C600|29|2909802||||0015621||30042011|425724,26|||||||||||6882,76|31702,39|
|C601|01|419684,10|417136,75|1,6500|6882,76||
|C601|06|6040,16|6040,16|0,0000|0,00||
|C605|01|419684,10|417136,75|7,6000|31702,39||
|C605|06|6040,16|6040,16|0,0000|0,00||
|C600|29|2910008||||0001576||30042011|31651,88|||||||||||507,85|2339,18|
|C601|01|31019,14|30778,65|1,6500|507,85||
|C601|06|632,74|632,74|0,0000|0,00||
|C605|01|31019,14|30778,65|7,6000|2339,18||
|C605|06|632,74|632,74|0,0000|0,00||
|C600|29|2910057||||0015183||30042011|641364,61|||||||||||10254,61|47233,38|
|C601|01|628861,85|621491,81|1,6500|10254,61||
|C601|06|12502,76|12502,76|0,0000|0,00||
|C605|01|628861,85|621491,81|7,6000|47233,38||
|C605|06|12502,76|12502,76|0,0000|0,00||
|C600|29|2910206||||0000678||30042011|16139,38|||||||||||256,45|1181,21|
|C601|01|15928,31|15542,21|1,6500|256,45||
|C601|06|211,07|211,07|0,0000|0,00||
|C605|01|15928,31|15542,21|7,6000|1181,21||
|C605|06|211,07|211,07|0,0000|0,00||
|C600|29|2910305||||0001139||30042011|24627,97|||||||||||401,54|1849,51|
|C601|01|24388,82|24335,60|1,6500|401,54||
|C601|06|239,15|239,15|0,0000|0,00||
|C605|01|24388,82|24335,60|7,6000|1849,51||
|C605|06|239,15|239,15|0,0000|0,00||
|C600|29|2910404||||0001729||30042011|47282,40|||||||||||767,98|3537,38|
|C601|01|46656,87|46544,52|1,6500|767,98||
|C601|06|625,53|625,53|0,0000|0,00||
|C605|01|46656,87|46544,52|7,6000|3537,38||
|C605|06|625,53|625,53|0,0000|0,00||
|C600|29|2910503||||0009334||30042011|302082,72|||||||||||4842,26|22303,74|
|C601|01|295249,68|293470,24|1,6500|4842,26||
|C601|06|6833,04|6833,04|0,0000|0,00||
|C605|01|295249,68|293470,24|7,6000|22303,74||
|C605|06|6833,04|6833,04|0,0000|0,00||
|C600|29|2910602||||0007830||30042011|205541,14|||||||||||3296,96|15186,00|
|C601|01|201969,94|199815,77|1,6500|3296,96||
|C601|06|3571,20|3571,20|0,0000|0,00||
|C605|01|201969,94|199815,77|7,6000|15186,00||
|C605|06|3571,20|3571,20|0,0000|0,00||
|C600|29|2910701||||0011852||30042011|318678,23|||||||||||5122,24|23593,36|
|C601|01|314669,38|310438,93|1,6500|5122,24||
|C601|06|4008,85|4008,85|0,0000|0,00||
|C605|01|314669,38|310438,93|7,6000|23593,36||
|C605|06|4008,85|4008,85|0,0000|0,00||
|C600|29|2910727||||0025102||30042011|848238,39|||||||||||13734,99|63264,18|
|C601|01|835477,88|832423,37|1,6500|13734,99||
|C601|06|12760,51|12760,51|0,0000|0,00||
|C605|01|835477,88|832423,37|7,6000|63264,18||
|C605|06|12760,51|12760,51|0,0000|0,00||
|C600|29|2910750||||0003979||30042011|65448,66|||||||||||1035,54|4769,74|
|C601|01|64576,49|62759,73|1,6500|1035,54||
|C601|06|872,17|872,17|0,0000|0,00||
|C605|01|64576,49|62759,73|7,6000|4769,74||
|C605|06|872,17|872,17|0,0000|0,00||
|C600|29|2910800||||0139724||30042011|6144357,10|||||||||||99655,03|459017,10|
|C601|01|6060133,28|6039698,74|1,6500|99655,03||
|C601|06|84223,82|84223,82|0,0000|0,00||
|C605|01|6060133,28|6039698,74|7,6000|459017,10||
|C605|06|84223,82|84223,82|0,0000|0,00||
|C600|29|2910859||||0003458||30042011|75537,36|||||||||||1218,66|5613,21|
|C601|01|74417,14|73858,04|1,6500|1218,66||
|C601|06|1120,22|1120,22|0,0000|0,00||
|C605|01|74417,14|73858,04|7,6000|5613,21||
|C605|06|1120,22|1120,22|0,0000|0,00||
|C600|29|2910909||||0001132||30042011|34851,54|||||||||||566,55|2609,55|
|C601|01|34451,99|34336,19|1,6500|566,55||
|C601|06|399,55|399,55|0,0000|0,00||
|C605|01|34451,99|34336,19|7,6000|2609,55||
|C605|06|399,55|399,55|0,0000|0,00||
|C600|29|2911006||||0002485||30042011|58604,10|||||||||||941,28|4335,61|
|C601|01|57975,32|57047,54|1,6500|941,28||
|C601|06|628,78|628,78|0,0000|0,00||
|C605|01|57975,32|57047,54|7,6000|4335,61||
|C605|06|628,78|628,78|0,0000|0,00||
|C600|29|2911105||||0003537||30042011|85646,05|||||||||||1374,28|6330,03|
|C601|01|84127,04|83289,91|1,6500|1374,28||
|C601|06|1519,01|1519,01|0,0000|0,00||
|C605|01|84127,04|83289,91|7,6000|6330,03||
|C605|06|1519,01|1519,01|0,0000|0,00||
|C600|29|2911204||||0006449||30042011|170171,44|||||||||||2840,16|13081,96|
|C601|01|168445,07|172131,01|1,6500|2840,16||
|C601|06|1726,37|1726,37|0,0000|0,00||
|C605|01|168445,07|172131,01|7,6000|13081,96||
|C605|06|1726,37|1726,37|0,0000|0,00||
|C600|29|2911253||||0001054||30042011|20067,16|||||||||||327,11|1506,70|
|C601|01|19782,53|19825,05|1,6500|327,11||
|C601|06|284,63|284,63|0,0000|0,00||
|C605|01|19782,53|19825,05|7,6000|1506,70||
|C605|06|284,63|284,63|0,0000|0,00||
|C600|29|2911303||||0001065||30042011|24025,94|||||||||||389,64|1794,69|
|C601|01|23729,08|23614,33|1,6500|389,64||
|C601|06|296,86|296,86|0,0000|0,00||
|C605|01|23729,08|23614,33|7,6000|1794,69||
|C605|06|296,86|296,86|0,0000|0,00||
|C600|29|2911402||||0002076||30042011|59809,71|||||||||||966,61|4452,29|
|C601|01|59205,87|58582,72|1,6500|966,61||
|C601|06|603,84|603,84|0,0000|0,00||
|C605|01|59205,87|58582,72|7,6000|4452,29||
|C605|06|603,84|603,84|0,0000|0,00||
|C600|29|2911501||||0001413||30042011|34367,02|||||||||||550,06|2533,60|
|C601|01|33869,41|33336,87|1,6500|550,06||
|C601|06|497,61|497,61|0,0000|0,00||
|C605|01|33869,41|33336,87|7,6000|2533,60||
|C605|06|497,61|497,61|0,0000|0,00||
|C600|29|2911600||||0002799||30042011|71246,95|||||||||||1155,54|5322,50|
|C601|01|70253,07|70032,90|1,6500|1155,54||
|C601|06|993,88|993,88|0,0000|0,00||
|C605|01|70253,07|70032,90|7,6000|5322,50||
|C605|06|993,88|993,88|0,0000|0,00||
|C600|29|2911659||||0000896||30042011|33173,47|||||||||||541,23|2492,93|
|C601|01|32986,39|32801,73|1,6500|541,23||
|C601|06|187,08|187,08|0,0000|0,00||
|C605|01|32986,39|32801,73|7,6000|2492,93||
|C605|06|187,08|187,08|0,0000|0,00||
|C600|29|2911709||||0020054||30042011|580079,96|||||||||||9391,61|43258,33|
|C601|01|571667,34|569188,56|1,6500|9391,61||
|C601|06|8412,62|8412,62|0,0000|0,00||
|C605|01|571667,34|569188,56|7,6000|43258,33||
|C605|06|8412,62|8412,62|0,0000|0,00||
|C600|29|2911808||||0003368||30042011|72879,49|||||||||||1185,88|5462,24|
|C601|01|71852,48|71871,58|1,6500|1185,88||
|C601|06|1027,01|1027,01|0,0000|0,00||
|C605|01|71852,48|71871,58|7,6000|5462,24||
|C605|06|1027,01|1027,01|0,0000|0,00||
|C600|29|2911857||||0002008||30042011|39546,92|||||||||||631,35|2908,06|
|C601|01|38944,85|38263,91|1,6500|631,35||
|C601|06|602,07|602,07|0,0000|0,00||
|C605|01|38944,85|38263,91|7,6000|2908,06||
|C605|06|602,07|602,07|0,0000|0,00||
|C600|29|2911907||||0007187||30042011|195487,77|||||||||||3149,20|14505,42|
|C601|01|192443,65|190860,80|1,6500|3149,20||
|C601|06|3044,12|3044,12|0,0000|0,00||
|C605|01|192443,65|190860,80|7,6000|14505,42||
|C605|06|3044,12|3044,12|0,0000|0,00||
|C600|29|2912004||||0002245||30042011|64566,69|||||||||||1046,14|4818,60|
|C601|01|63619,77|63402,57|1,6500|1046,14||
|C601|06|946,92|946,92|0,0000|0,00||
|C605|01|63619,77|63402,57|7,6000|4818,60||
|C605|06|946,92|946,92|0,0000|0,00||
|C600|29|2912202||||0001186||30042011|25160,11|||||||||||407,16|1875,40|
|C601|01|24796,77|24676,26|1,6500|407,16||
|C601|06|363,34|363,34|0,0000|0,00||
|C605|01|24796,77|24676,26|7,6000|1875,40||
|C605|06|363,34|363,34|0,0000|0,00||
|C600|29|2912301||||0003385||30042011|79368,75|||||||||||1264,04|5822,24|
|C601|01|78107,86|76608,45|1,6500|1264,04||
|C601|06|1260,89|1260,89|0,0000|0,00||
|C605|01|78107,86|76608,45|7,6000|5822,24||
|C605|06|1260,89|1260,89|0,0000|0,00||
|C600|29|2912400||||0004298||30042011|84265,36|||||||||||1357,04|6250,60|
|C601|01|83118,06|82244,70|1,6500|1357,04||
|C601|06|1147,30|1147,30|0,0000|0,00||
|C605|01|83118,06|82244,70|7,6000|6250,60||
|C605|06|1147,30|1147,30|0,0000|0,00||
|C600|29|2912509||||0001975||30042011|43937,30|||||||||||705,50|3249,60|
|C601|01|43576,07|42757,86|1,6500|705,50||
|C601|06|361,23|361,23|0,0000|0,00||
|C605|01|43576,07|42757,86|7,6000|3249,60||
|C605|06|361,23|361,23|0,0000|0,00||
|C600|29|2912608||||0000953||30042011|17671,81|||||||||||277,14|1276,53|
|C601|01|17454,77|16796,44|1,6500|277,14||
|C601|06|217,04|217,04|0,0000|0,00||
|C605|01|17454,77|16796,44|7,6000|1276,53||
|C605|06|217,04|217,04|0,0000|0,00||
|C600|29|2912707||||0003476||30042011|73683,92|||||||||||1177,84|5425,19|
|C601|01|72366,02|71384,11|1,6500|1177,84||
|C601|06|1317,90|1317,90|0,0000|0,00||
|C605|01|72366,02|71384,11|7,6000|5425,19||
|C605|06|1317,90|1317,90|0,0000|0,00||
|C600|29|2912806||||0001812||30042011|55125,55|||||||||||888,52|4092,58|
|C601|01|54368,98|53849,71|1,6500|888,52||
|C601|06|756,57|756,57|0,0000|0,00||
|C605|01|54368,98|53849,71|7,6000|4092,58||
|C605|06|756,57|756,57|0,0000|0,00||
|C600|29|2912905||||0004763||30042011|111418,87|||||||||||1783,26|8213,79|
|C601|01|109736,13|108076,12|1,6500|1783,26||
|C601|06|1682,74|1682,74|0,0000|0,00||
|C605|01|109736,13|108076,12|7,6000|8213,79||
|C605|06|1682,74|1682,74|0,0000|0,00||
|C600|29|2913002||||0000986||30042011|31346,15|||||||||||506,47|2332,81|
|C601|01|31044,85|30694,88|1,6500|506,47||
|C601|06|301,30|301,30|0,0000|0,00||
|C605|01|31044,85|30694,88|7,6000|2332,81||
|C605|06|301,30|301,30|0,0000|0,00||
|C600|29|2913101||||0005629||30042011|98479,90|||||||||||1581,84|7286,04|
|C601|01|97532,34|95868,92|1,6500|1581,84||
|C601|06|947,56|947,56|0,0000|0,00||
|C605|01|97532,34|95868,92|7,6000|7286,04||
|C605|06|947,56|947,56|0,0000|0,00||
|C600|29|2913200||||0006727||30042011|168523,19|||||||||||2686,58|12374,55|
|C601|01|165376,84|162822,99|1,6500|2686,58||
|C601|06|3146,35|3146,35|0,0000|0,00||
|C605|01|165376,84|162822,99|7,6000|12374,55||
|C605|06|3146,35|3146,35|0,0000|0,00||
|C600|29|2913309||||0001138||30042011|22848,33|||||||||||360,80|1661,87|
|C601|01|22501,50|21866,68|1,6500|360,80||
|C601|06|346,83|346,83|0,0000|0,00||
|C605|01|22501,50|21866,68|7,6000|1661,87||
|C605|06|346,83|346,83|0,0000|0,00||
|C600|29|2913457||||0001170||30042011|27862,30|||||||||||432,75|1993,26|
|C601|01|27288,15|26227,09|1,6500|432,75||
|C601|06|574,15|574,15|0,0000|0,00||
|C605|01|27288,15|26227,09|7,6000|1993,26||
|C605|06|574,15|574,15|0,0000|0,00||
|C600|29|2913507||||0004478||30042011|116499,10|||||||||||1879,66|8657,83|
|C601|01|115024,92|113918,76|1,6500|1879,66||
|C601|06|1474,18|1474,18|0,0000|0,00||
|C605|01|115024,92|113918,76|7,6000|8657,83||
|C605|06|1474,18|1474,18|0,0000|0,00||
|C600|29|2913606||||0039738||30042011|2176771,32|||||||||||35147,86|161893,16|
|C601|01|2148854,37|2130173,13|1,6500|35147,86||
|C601|06|27916,95|27916,95|0,0000|0,00||
|C605|01|2148854,37|2130173,13|7,6000|161893,16||
|C605|06|27916,95|27916,95|0,0000|0,00||
|C600|29|2913705||||0006102||30042011|136398,07|||||||||||2183,66|10058,05|
|C601|01|134111,18|132342,75|1,6500|2183,66||
|C601|06|2286,89|2286,89|0,0000|0,00||
|C605|01|134111,18|132342,75|7,6000|10058,05||
|C605|06|2286,89|2286,89|0,0000|0,00||
|C600|29|2913804||||0001878||30042011|60103,21|||||||||||966,48|4451,69|
|C601|01|59299,16|58574,83|1,6500|966,48||
|C601|06|804,05|804,05|0,0000|0,00||
|C605|01|59299,16|58574,83|7,6000|4451,69||
|C605|06|804,05|804,05|0,0000|0,00||
|C600|29|2913903||||0013949||30042011|438034,92|||||||||||7052,06|32482,19|
|C601|01|431574,06|427397,28|1,6500|7052,06||
|C601|06|6460,86|6460,86|0,0000|0,00||
|C605|01|431574,06|427397,28|7,6000|32482,19||
|C605|06|6460,86|6460,86|0,0000|0,00||
|C600|29|2914000||||0011563||30042011|318796,76|||||||||||5086,72|23429,74|
|C601|01|314690,88|308286,03|1,6500|5086,72||
|C601|06|4105,88|4106,10|0,0000|0,00||
|C605|01|314690,88|308286,03|7,6000|23429,74||
|C605|06|4105,88|4106,10|0,0000|0,00||
|C600|29|2914109||||0002219||30042011|37077,18|||||||||||598,26|2755,61|
|C601|01|36659,98|36258,05|1,6500|598,26||
|C601|06|417,20|417,20|0,0000|0,00||
|C605|01|36659,98|36258,05|7,6000|2755,61||
|C605|06|417,20|417,20|0,0000|0,00||
|C600|29|2914208||||0001261||30042011|20097,65|||||||||||327,23|1507,26|
|C601|01|19789,67|19832,41|1,6500|327,23||
|C601|06|307,98|307,98|0,0000|0,00||
|C605|01|19789,67|19832,41|7,6000|1507,26||
|C605|06|307,98|307,98|0,0000|0,00||
|C600|29|2914307||||0002289||30042011|51942,58|||||||||||833,15|3837,55|
|C601|01|50653,30|50494,13|1,6500|833,15||
|C601|06|1289,28|1289,28|0,0000|0,00||
|C605|01|50653,30|50494,13|7,6000|3837,55||
|C605|06|1289,28|1289,28|0,0000|0,00||
|C600|29|2914406||||0001971||30042011|42608,21|||||||||||690,77|3181,74|
|C601|01|42038,79|41864,94|1,6500|690,77||
|C601|06|569,42|569,42|0,0000|0,00||
|C605|01|42038,79|41864,94|7,6000|3181,74||
|C605|06|569,42|569,42|0,0000|0,00||
|C600|29|2914505||||0003223||30042011|97920,60|||||||||||1583,05|7291,62|
|C601|01|96815,97|95942,35|1,6500|1583,05||
|C601|06|1104,63|1104,63|0,0000|0,00||
|C605|01|96815,97|95942,35|7,6000|7291,62||
|C605|06|1104,63|1104,63|0,0000|0,00||
|C600|29|2914604||||0021420||30042011|678402,92|||||||||||10975,86|50555,49|
|C601|01|671127,16|665203,87|1,6500|10975,86||
|C601|06|7275,76|7275,76|0,0000|0,00||
|C605|01|671127,16|665203,87|7,6000|50555,49||
|C605|06|7275,76|7275,76|0,0000|0,00||
|C600|29|2914653||||0007028||30042011|150155,39|||||||||||2441,65|11246,37|
|C601|01|148317,97|147978,58|1,6500|2441,65||
|C601|06|1837,42|1837,42|0,0000|0,00||
|C605|01|148317,97|147978,58|7,6000|11246,37||
|C605|06|1837,42|1837,42|0,0000|0,00||
|C600|29|2914703||||0017503||30042011|605216,11|||||||||||9744,65|44884,47|
|C601|01|595038,00|590585,11|1,6500|9744,65||
|C601|06|10178,11|10178,11|0,0000|0,00||
|C605|01|595038,00|590585,11|7,6000|44884,47||
|C605|06|10178,11|10178,11|0,0000|0,00||
|C600|29|2914901||||0003505||30042011|200213,07|||||||||||3215,79|14812,13|
|C601|01|196921,75|194896,50|1,6500|3215,79||
|C601|06|3291,32|3291,32|0,0000|0,00||
|C605|01|196921,75|194896,50|7,6000|14812,13||
|C605|06|3291,32|3291,32|0,0000|0,00||
|C600|29|2915007||||0002031||30042011|51748,80|||||||||||828,85|3817,72|
|C601|01|50488,57|50233,12|1,6500|828,85||
|C601|06|1260,23|1260,23|0,0000|0,00||
|C605|01|50488,57|50233,12|7,6000|3817,72||
|C605|06|1260,23|1260,23|0,0000|0,00||
|C600|29|2915106||||0003117||30042011|71972,18|||||||||||1146,14|5279,17|
|C601|01|70565,56|69462,73|1,6500|1146,14||
|C601|06|1406,62|1406,62|0,0000|0,00||
|C605|01|70565,56|69462,73|7,6000|5279,17||
|C605|06|1406,62|1406,62|0,0000|0,00||
|C600|29|2915205||||0002124||30042011|52698,64|||||||||||844,10|3888,00|
|C601|01|51730,33|51157,83|1,6500|844,10||
|C601|06|968,31|968,31|0,0000|0,00||
|C605|01|51730,33|51157,83|7,6000|3888,00||
|C605|06|968,31|968,31|0,0000|0,00||
|C600|29|2915304||||0001810||30042011|43261,74|||||||||||702,73|3236,82|
|C601|01|42596,61|42589,69|1,6500|702,73||
|C601|06|665,13|665,13|0,0000|0,00||
|C605|01|42596,61|42589,69|7,6000|3236,82||
|C605|06|665,13|665,13|0,0000|0,00||
|C600|29|2915403||||0001982||30042011|35044,75|||||||||||555,47|2558,51|
|C601|01|34150,48|33664,59|1,6500|555,47||
|C601|06|894,27|894,27|0,0000|0,00||
|C605|01|34150,48|33664,59|7,6000|2558,51||
|C605|06|894,27|894,27|0,0000|0,00||
|C600|29|2915601||||0016186||30042011|533612,80|||||||||||8675,65|39960,56|
|C601|01|525942,47|525796,82|1,6500|8675,65||
|C601|06|7670,33|7670,33|0,0000|0,00||
|C605|01|525942,47|525796,82|7,6000|39960,56||
|C605|06|7670,33|7670,33|0,0000|0,00||
|C600|29|2915700||||0001564||30042011|30405,67|||||||||||478,85|2205,62|
|C601|01|29698,29|29021,36|1,6500|478,85||
|C601|06|707,38|707,38|0,0000|0,00||
|C605|01|29698,29|29021,36|7,6000|2205,62||
|C605|06|707,38|707,38|0,0000|0,00||
|C600|29|2915809||||0005896||30042011|174650,50|||||||||||2787,19|12837,99|
|C601|01|171688,93|168920,88|1,6500|2787,19||
|C601|06|2961,57|2961,57|0,0000|0,00||
|C605|01|171688,93|168920,88|7,6000|12837,99||
|C605|06|2961,57|2961,57|0,0000|0,00||
|C600|29|2915908||||0001061||30042011|27067,57|||||||||||435,62|2006,51|
|C601|01|26625,57|26401,50|1,6500|435,62||
|C601|06|442,00|442,00|0,0000|0,00||
|C605|01|26625,57|26401,50|7,6000|2006,51||
|C605|06|442,00|442,00|0,0000|0,00||
|C600|29|2916005||||0004859||30042011|119656,57|||||||||||1943,67|8952,66|
|C601|01|118473,05|117798,16|1,6500|1943,67||
|C601|06|1183,52|1183,52|0,0000|0,00||
|C605|01|118473,05|117798,16|7,6000|8952,66||
|C605|06|1183,52|1183,52|0,0000|0,00||
|C600|29|2916104||||0006735||30042011|325643,72|||||||||||5366,97|24720,57|
|C601|01|321839,60|325270,72|1,6500|5366,97||
|C601|06|3804,12|3804,12|0,0000|0,00||
|C605|01|321839,60|325270,72|7,6000|24720,57||
|C605|06|3804,12|3804,12|0,0000|0,00||
|C600|29|2916203||||0002822||30042011|57508,86|||||||||||919,22|4233,96|
|C601|01|56770,33|55710,03|1,6500|919,22||
|C601|06|738,53|738,53|0,0000|0,00||
|C605|01|56770,33|55710,03|7,6000|4233,96||
|C605|06|738,53|738,53|0,0000|0,00||
|C600|29|2916302||||0002595||30042011|60318,75|||||||||||968,66|4461,69|
|C601|01|59371,62|58706,45|1,6500|968,66||
|C601|06|947,13|947,13|0,0000|0,00||
|C605|01|59371,62|58706,45|7,6000|4461,69||
|C605|06|947,13|947,13|0,0000|0,00||
|C600|29|2916500||||0004713||30042011|99647,40|||||||||||1584,23|7297,07|
|C601|01|97305,81|96014,08|1,6500|1584,23||
|C601|06|2341,59|2341,59|0,0000|0,00||
|C605|01|97305,81|96014,08|7,6000|7297,07||
|C605|06|2341,59|2341,59|0,0000|0,00||
|C600|29|2916609||||0002400||30042011|58350,71|||||||||||932,60|4295,62|
|C601|01|57287,71|56521,28|1,6500|932,60||
|C601|06|1063,00|1063,00|0,0000|0,00||
|C605|01|57287,71|56521,28|7,6000|4295,62||
|C605|06|1063,00|1063,00|0,0000|0,00||
|C600|29|2916708||||0001543||30042011|32859,71|||||||||||526,84|2426,67|
|C601|01|32261,82|31929,88|1,6500|526,84||
|C601|06|597,89|597,89|0,0000|0,00||
|C605|01|32261,82|31929,88|7,6000|2426,67||
|C605|06|597,89|597,89|0,0000|0,00||
|C600|29|2916807||||0004631||30042011|153983,79|||||||||||2478,54|11416,32|
|C601|01|151719,94|150214,68|1,6500|2478,54||
|C601|06|2263,85|2263,85|0,0000|0,00||
|C605|01|151719,94|150214,68|7,6000|11416,32||
|C605|06|2263,85|2263,85|0,0000|0,00||
|C600|29|2916856||||0003946||30042011|107087,89|||||||||||1723,56|7938,83|
|C601|01|105534,71|104458,34|1,6500|1723,56||
|C601|06|1553,18|1553,18|0,0000|0,00||
|C605|01|105534,71|104458,34|7,6000|7938,83||
|C605|06|1553,18|1553,18|0,0000|0,00||
|C600|29|2916906||||0003019||30042011|51212,66|||||||||||818,89|3771,87|
|C601|01|50347,32|49629,91|1,6500|818,89||
|C601|06|865,34|865,34|0,0000|0,00||
|C605|01|50347,32|49629,91|7,6000|3771,87||
|C605|06|865,34|865,34|0,0000|0,00||
|C600|29|2917003||||0004482||30042011|102265,44|||||||||||1606,18|7398,17|
|C601|01|100501,17|97344,37|1,6500|1606,18||
|C601|06|1764,27|1764,27|0,0000|0,00||
|C605|01|100501,17|97344,37|7,6000|7398,17||
|C605|06|1764,27|1764,27|0,0000|0,00||
|C600|29|2917201||||0002988||30042011|69267,58|||||||||||1102,21|5076,87|
|C601|01|67155,85|66800,90|1,6500|1102,21||
|C601|06|2111,73|2111,73|0,0000|0,00||
|C605|01|67155,85|66800,90|7,6000|5076,87||
|C605|06|2111,73|2111,73|0,0000|0,00||
|C600|29|2917300||||0004985||30042011|146926,23|||||||||||2358,25|10862,23|
|C601|01|144548,71|142924,13|1,6500|2358,25||
|C601|06|2377,52|2377,52|0,0000|0,00||
|C605|01|144548,71|142924,13|7,6000|10862,23||
|C605|06|2377,52|2377,52|0,0000|0,00||
|C600|29|2917334||||0001535||30042011|38312,73|||||||||||622,22|2865,99|
|C601|01|37752,97|37710,38|1,6500|622,22||
|C601|06|559,76|559,76|0,0000|0,00||
|C605|01|37752,97|37710,38|7,6000|2865,99||
|C605|06|559,76|559,76|0,0000|0,00||
|C600|29|2917409||||0001076||30042011|22043,10|||||||||||356,25|1640,92|
|C601|01|21581,01|21591,08|1,6500|356,25||
|C601|06|462,09|462,09|0,0000|0,00||
|C605|01|21581,01|21591,08|7,6000|1640,92||
|C605|06|462,09|462,09|0,0000|0,00||
|C600|29|2917508||||0019326||30042011|593297,17|||||||||||9652,92|44461,95|
|C601|01|586549,94|585025,64|1,6500|9652,92||
|C601|06|6747,23|6747,23|0,0000|0,00||
|C605|01|586549,94|585025,64|7,6000|44461,95||
|C605|06|6747,23|6747,23|0,0000|0,00||
|C600|29|2917607||||0012191||30042011|333039,41|||||||||||5360,26|24689,68|
|C601|01|328800,84|324864,25|1,6500|5360,26||
|C601|06|4238,57|4238,57|0,0000|0,00||
|C605|01|328800,84|324864,25|7,6000|24689,68||
|C605|06|4238,57|4238,57|0,0000|0,00||
|C600|29|2917706||||0005860||30042011|178298,73|||||||||||2856,07|13155,21|
|C601|01|174639,70|173094,90|1,6500|2856,07||
|C601|06|3659,03|3659,03|0,0000|0,00||
|C605|01|174639,70|173094,90|7,6000|13155,21||
|C605|06|3659,03|3659,03|0,0000|0,00||
|C600|29|2917805||||0002794||30042011|68107,38|||||||||||1067,94|4919,00|
|C601|01|66966,34|64723,67|1,6500|1067,94||
|C601|06|1141,04|1141,04|0,0000|0,00||
|C605|01|66966,34|64723,67|7,6000|4919,00||
|C605|06|1141,04|1141,04|0,0000|0,00||
|C600|29|2917904||||0001409||30042011|28036,63|||||||||||450,75|2076,20|
|C601|01|27452,83|27318,43|1,6500|450,75||
|C601|06|583,80|583,80|0,0000|0,00||
|C605|01|27452,83|27318,43|7,6000|2076,20||
|C605|06|583,80|583,80|0,0000|0,00||
|C600|29|2918001||||0044601||30042011|2636990,73|||||||||||42562,43|196045,14|
|C601|01|2597243,47|2579541,29|1,6500|42562,43||
|C601|06|39747,26|39747,26|0,0000|0,00||
|C605|01|2597243,47|2579541,29|7,6000|196045,14||
|C605|06|39747,26|39747,26|0,0000|0,00||
|C600|29|2918100||||0006180||30042011|151465,56|||||||||||2432,74|11205,36|
|C601|01|149407,27|147438,99|1,6500|2432,74||
|C601|06|2058,29|2058,29|0,0000|0,00||
|C605|01|149407,27|147438,99|7,6000|11205,36||
|C605|06|2058,29|2058,29|0,0000|0,00||
|C600|29|2918209||||0001981||30042011|55548,50|||||||||||890,20|4100,32|
|C601|01|54563,81|53951,62|1,6500|890,20||
|C601|06|984,69|984,69|0,0000|0,00||
|C605|01|54563,81|53951,62|7,6000|4100,32||
|C605|06|984,69|984,69|0,0000|0,00||
|C600|29|2918308||||0002948||30042011|65961,15|||||||||||1049,69|4834,93|
|C601|01|64283,45|63617,51|1,6500|1049,69||
|C601|06|1677,70|1677,70|0,0000|0,00||
|C605|01|64283,45|63617,51|7,6000|4834,93||
|C605|06|1677,70|1677,70|0,0000|0,00||
|C600|29|2918357||||0006147||30042011|134843,51|||||||||||2159,58|9947,16|
|C601|01|132985,60|130883,67|1,6500|2159,58||
|C601|06|1857,91|1857,91|0,0000|0,00||
|C605|01|132985,60|130883,67|7,6000|9947,16||
|C605|06|1857,91|1857,91|0,0000|0,00||
|C600|29|2918456||||0000882||30042011|22915,33|||||||||||373,20|1718,96|
|C601|01|22662,24|22617,96|1,6500|373,20||
|C601|06|253,09|253,09|0,0000|0,00||
|C605|01|22662,24|22617,96|7,6000|1718,96||
|C605|06|253,09|253,09|0,0000|0,00||
|C600|29|2918506||||0004349||30042011|73439,58|||||||||||1179,73|5433,91|
|C601|01|72718,45|71498,82|1,6500|1179,73||
|C601|06|721,13|721,13|0,0000|0,00||
|C605|01|72718,45|71498,82|7,6000|5433,91||
|C605|06|721,13|721,13|0,0000|0,00||
|C600|29|2918605||||0001321||30042011|31685,99|||||||||||515,66|2375,16|
|C601|01|31420,42|31252,15|1,6500|515,66||
|C601|06|265,57|265,57|0,0000|0,00||
|C605|01|31420,42|31252,15|7,6000|2375,16||
|C605|06|265,57|265,57|0,0000|0,00||
|C600|29|2918704||||0000832||30042011|18149,24|||||||||||292,15|1345,67|
|C601|01|17858,66|17706,12|1,6500|292,15||
|C601|06|290,58|290,58|0,0000|0,00||
|C605|01|17858,66|17706,12|7,6000|1345,67||
|C605|06|290,58|290,58|0,0000|0,00||
|C600|29|2918753||||0001003||30042011|26715,73|||||||||||433,27|1995,68|
|C601|01|26425,45|26259,01|1,6500|433,27||
|C601|06|290,28|290,28|0,0000|0,00||
|C605|01|26425,45|26259,01|7,6000|1995,68||
|C605|06|290,28|290,28|0,0000|0,00||
|C600|29|2918803||||0001643||30042011|69596,05|||||||||||1122,24|5169,12|
|C601|01|68527,63|68014,71|1,6500|1122,24||
|C601|06|1068,42|1068,42|0,0000|0,00||
|C605|01|68527,63|68014,71|7,6000|5169,12||
|C605|06|1068,42|1068,42|0,0000|0,00||
|C600|29|2918902||||0001226||30042011|30491,33|||||||||||489,40|2254,22|
|C601|01|29850,19|29660,78|1,6500|489,40||
|C601|06|641,14|641,14|0,0000|0,00||
|C605|01|29850,19|29660,78|7,6000|2254,22||
|C605|06|641,14|641,14|0,0000|0,00||
|C600|29|2919009||||0000684||30042011|13849,34|||||||||||223,40|1029,01|
|C601|01|13689,82|13539,63|1,6500|223,40||
|C601|06|159,52|159,52|0,0000|0,00||
|C605|01|13689,82|13539,63|7,6000|1029,01||
|C605|06|159,52|159,52|0,0000|0,00||
|C600|29|2919058||||0001415||30042011|28960,74|||||||||||465,61|2144,64|
|C601|01|28579,25|28219,01|1,6500|465,61||
|C601|06|381,49|381,49|0,0000|0,00||
|C605|01|28579,25|28219,01|7,6000|2144,64||
|C605|06|381,49|381,49|0,0000|0,00||
|C600|29|2919108||||0001229||30042011|29572,36|||||||||||475,56|2190,48|
|C601|01|29095,65|28822,11|1,6500|475,56||
|C601|06|476,71|476,71|0,0000|0,00||
|C605|01|29095,65|28822,11|7,6000|2190,48||
|C605|06|476,71|476,71|0,0000|0,00||
|C600|29|2919157||||0007038||30042011|133372,97|||||||||||2124,47|9785,43|
|C601|01|131303,72|128755,65|1,6500|2124,47||
|C601|06|2069,25|2069,25|0,0000|0,00||
|C605|01|131303,72|128755,65|7,6000|9785,43||
|C605|06|2069,25|2069,25|0,0000|0,00||
|C600|29|2919207||||0041396||30042011|2851459,02|||||||||||46005,71|211905,10|
|C601|01|2813167,02|2788225,00|1,6500|46005,71||
|C601|06|38292,00|38292,00|0,0000|0,00||
|C605|01|2813167,02|2788225,00|7,6000|211905,10||
|C605|06|38292,00|38292,00|0,0000|0,00||
|C600|29|2919306||||0002510||30042011|97670,41|||||||||||1567,44|7219,71|
|C601|01|95898,80|94996,12|1,6500|1567,44||
|C601|06|1771,61|1771,61|0,0000|0,00||
|C605|01|95898,80|94996,12|7,6000|7219,71||
|C605|06|1771,61|1771,61|0,0000|0,00||
|C600|29|2919405||||0001036||30042011|20948,92|||||||||||337,36|1553,90|
|C601|01|20651,20|20446,01|1,6500|337,36||
|C601|06|297,72|297,72|0,0000|0,00||
|C605|01|20651,20|20446,01|7,6000|1553,90||
|C605|06|297,72|297,72|0,0000|0,00||
|C600|29|2919504||||0005817||30042011|215580,96|||||||||||3452,65|15903,12|
|C601|01|213582,90|209251,57|1,6500|3452,65||
|C601|06|1998,06|1998,06|0,0000|0,00||
|C605|01|213582,90|209251,57|7,6000|15903,12||
|C605|06|1998,06|1998,06|0,0000|0,00||
|C600|29|2919553||||0014305||30042011|589748,49|||||||||||9389,25|43247,45|
|C601|01|579971,88|569045,41|1,6500|9389,25||
|C601|06|9776,61|9776,61|0,0000|0,00||
|C605|01|579971,88|569045,41|7,6000|43247,45||
|C605|06|9776,61|9776,61|0,0000|0,00||
|C600|29|2919603||||0002772||30042011|61681,32|||||||||||989,30|4556,78|
|C601|01|60856,49|59957,68|1,6500|989,30||
|C601|06|824,83|824,83|0,0000|0,00||
|C605|01|60856,49|59957,68|7,6000|4556,78||
|C605|06|824,83|824,83|0,0000|0,00||
|C600|29|2919801||||0000609||30042011|12374,35|||||||||||197,56|909,97|
|C601|01|12127,47|11973,31|1,6500|197,56||
|C601|06|246,88|246,88|0,0000|0,00||
|C605|01|12127,47|11973,31|7,6000|909,97||
|C605|06|246,88|246,88|0,0000|0,00||
|C600|29|2919926||||0007526||30042011|421519,68|||||||||||6826,71|31444,23|
|C601|01|416993,14|413739,82|1,6500|6826,71||
|C601|06|4526,54|4526,54|0,0000|0,00||
|C605|01|416993,14|413739,82|7,6000|31444,23||
|C605|06|4526,54|4526,54|0,0000|0,00||
|C600|29|2919959||||0001236||30042011|23829,15|||||||||||387,87|1786,57|
|C601|01|23557,16|23507,56|1,6500|387,87||
|C601|06|271,99|271,99|0,0000|0,00||
|C605|01|23557,16|23507,56|7,6000|1786,57||
|C605|06|271,99|271,99|0,0000|0,00||
|C600|29|2920007||||0002410||30042011|63689,12|||||||||||1029,48|4741,85|
|C601|01|62781,68|62392,80|1,6500|1029,48||
|C601|06|907,44|907,44|0,0000|0,00||
|C605|01|62781,68|62392,80|7,6000|4741,85||
|C605|06|907,44|907,44|0,0000|0,00||
|C600|29|2920106||||0003892||30042011|85129,82|||||||||||1371,60|6317,66|
|C601|01|83994,84|83127,14|1,6500|1371,60||
|C601|06|1134,98|1134,98|0,0000|0,00||
|C605|01|83994,84|83127,14|7,6000|6317,66||
|C605|06|1134,98|1134,98|0,0000|0,00||
|C600|29|2920205||||0002377||30042011|68548,19|||||||||||1109,93|5112,40|
|C601|01|67638,52|67268,43|1,6500|1109,93||
|C601|06|909,67|909,67|0,0000|0,00||
|C605|01|67638,52|67268,43|7,6000|5112,40||
|C605|06|909,67|909,67|0,0000|0,00||
|C600|29|2920304||||0001079||30042011|25775,09|||||||||||416,07|1916,46|
|C601|01|25432,32|25216,54|1,6500|416,07||
|C601|06|342,77|342,77|0,0000|0,00||
|C605|01|25432,32|25216,54|7,6000|1916,46||
|C605|06|342,77|342,77|0,0000|0,00||
|C600|29|2920403||||0001902||30042011|42308,48|||||||||||668,26|3078,03|
|C601|01|41403,90|40500,36|1,6500|668,26||
|C601|06|904,58|904,58|0,0000|0,00||
|C605|01|41403,90|40500,36|7,6000|3078,03||
|C605|06|904,58|904,58|0,0000|0,00||
|C600|29|2920502||||0004864||30042011|87658,58|||||||||||1405,67|6474,59|
|C601|01|86239,96|85192,01|1,6500|1405,67||
|C601|06|1418,62|1418,62|0,0000|0,00||
|C605|01|86239,96|85192,01|7,6000|6474,59||
|C605|06|1418,62|1418,62|0,0000|0,00||
|C600|29|2920601||||0008326||30042011|348315,05|||||||||||5619,21|25882,41|
|C601|01|342881,39|340557,98|1,6500|5619,21||
|C601|06|5433,66|5433,66|0,0000|0,00||
|C605|01|342881,39|340557,98|7,6000|25882,41||
|C605|06|5433,66|5433,66|0,0000|0,00||
|C600|29|2920700||||0000902||30042011|28153,46|||||||||||452,78|2085,52|
|C601|01|27596,83|27441,09|1,6500|452,78||
|C601|06|556,63|556,63|0,0000|0,00||
|C605|01|27596,83|27441,09|7,6000|2085,52||
|C605|06|556,63|556,63|0,0000|0,00||
|C600|29|2920809||||0002225||30042011|44331,90|||||||||||699,96|3224,06|
|C601|01|43281,87|42421,79|1,6500|699,96||
|C601|06|1050,03|1050,03|0,0000|0,00||
|C605|01|43281,87|42421,79|7,6000|3224,06||
|C605|06|1050,03|1050,03|0,0000|0,00||
|C600|29|2920908||||0003620||30042011|70833,63|||||||||||1136,69|5235,65|
|C601|01|69870,35|68890,10|1,6500|1136,69||
|C601|06|963,28|963,28|0,0000|0,00||
|C605|01|69870,35|68890,10|7,6000|5235,65||
|C605|06|963,28|963,28|0,0000|0,00||
|C600|29|2921005||||0009821||30042011|991203,87|||||||||||15902,81|73249,30|
|C601|01|973324,09|963806,61|1,6500|15902,81||
|C601|06|17879,78|17879,78|0,0000|0,00||
|C605|01|973324,09|963806,61|7,6000|73249,30||
|C605|06|17879,78|17879,78|0,0000|0,00||
|C600|29|2921104||||0006131||30042011|152797,07|||||||||||2468,74|11371,19|
|C601|01|150231,55|149620,86|1,6500|2468,74||
|C601|06|2565,52|2565,52|0,0000|0,00||
|C605|01|150231,55|149620,86|7,6000|11371,19||
|C605|06|2565,52|2565,52|0,0000|0,00||
|C600|29|2921203||||0006403||30042011|139980,16|||||||||||2272,35|10466,57|
|C601|01|138433,78|137718,04|1,6500|2272,35||
|C601|06|1546,38|1546,38|0,0000|0,00||
|C605|01|138433,78|137718,04|7,6000|10466,57||
|C605|06|1546,38|1546,38|0,0000|0,00||
|C600|29|2921302||||0003375||30042011|109642,25|||||||||||1788,41|8237,53|
|C601|01|108657,29|108388,54|1,6500|1788,41||
|C601|06|984,96|984,96|0,0000|0,00||
|C605|01|108657,29|108388,54|7,6000|8237,53||
|C605|06|984,96|984,96|0,0000|0,00||
|C600|29|2921401||||0000795||30042011|20364,14|||||||||||327,25|1507,32|
|C601|01|19999,17|19833,21|1,6500|327,25||
|C601|06|364,97|364,97|0,0000|0,00||
|C605|01|19999,17|19833,21|7,6000|1507,32||
|C605|06|364,97|364,97|0,0000|0,00||
|C600|29|2921450||||0000681||30042011|14872,47|||||||||||239,35|1102,46|
|C601|01|14676,54|14505,99|1,6500|239,35||
|C601|06|195,93|195,93|0,0000|0,00||
|C605|01|14676,54|14505,99|7,6000|1102,46||
|C605|06|195,93|195,93|0,0000|0,00||
|C600|29|2921500||||0003993||30042011|150654,92|||||||||||2443,99|11257,15|
|C601|01|148874,19|148120,37|1,6500|2443,99||
|C601|06|1780,73|1780,73|0,0000|0,00||
|C605|01|148874,19|148120,37|7,6000|11257,15||
|C605|06|1780,73|1780,73|0,0000|0,00||
|C600|29|2921609||||0001876||30042011|37458,39|||||||||||609,19|2805,96|
|C601|01|36922,59|36920,51|1,6500|609,19||
|C601|06|535,80|535,80|0,0000|0,00||
|C605|01|36922,59|36920,51|7,6000|2805,96||
|C605|06|535,80|535,80|0,0000|0,00||
|C600|29|2921708||||0006753||30042011|146502,24|||||||||||2357,09|10856,88|
|C601|01|144739,54|142853,73|1,6500|2357,09||
|C601|06|1762,70|1762,70|0,0000|0,00||
|C605|01|144739,54|142853,73|7,6000|10856,88||
|C605|06|1762,70|1762,70|0,0000|0,00||
|C600|29|2921807||||0002051||30042011|44012,07|||||||||||712,99|3284,08|
|C601|01|43499,89|43211,59|1,6500|712,99||
|C601|06|512,18|512,18|0,0000|0,00||
|C605|01|43499,89|43211,59|7,6000|3284,08||
|C605|06|512,18|512,18|0,0000|0,00||
|C600|29|2922003||||0006272||30042011|217140,69|||||||||||3494,60|16096,35|
|C601|01|214151,06|211794,06|1,6500|3494,60||
|C601|06|2989,63|2989,63|0,0000|0,00||
|C605|01|214151,06|211794,06|7,6000|16096,35||
|C605|06|2989,63|2989,63|0,0000|0,00||
|C600|29|2922052||||0001149||30042011|33450,92|||||||||||347,86|1602,25|
|C601|01|33133,55|21082,29|1,6500|347,86||
|C601|06|317,37|317,37|0,0000|0,00||
|C605|01|33133,55|21082,29|7,6000|1602,25||
|C605|06|317,37|317,37|0,0000|0,00||
|C600|29|2922102||||0004750||30042011|94095,18|||||||||||1509,17|6951,32|
|C601|01|92705,09|91464,79|1,6500|1509,17||
|C601|06|1390,09|1390,09|0,0000|0,00||
|C605|01|92705,09|91464,79|7,6000|6951,32||
|C605|06|1390,09|1390,09|0,0000|0,00||
|C600|29|2922201||||0000902||30042011|22047,96|||||||||||352,96|1625,74|
|C601|01|21781,32|21391,31|1,6500|352,96||
|C601|06|266,64|266,64|0,0000|0,00||
|C605|01|21781,32|21391,31|7,6000|1625,74||
|C605|06|266,64|266,64|0,0000|0,00||
|C600|29|2922250||||0000680||30042011|19205,16|||||||||||311,59|1435,22|
|C601|01|18918,25|18884,48|1,6500|311,59||
|C601|06|286,91|286,91|0,0000|0,00||
|C605|01|18918,25|18884,48|7,6000|1435,22||
|C605|06|286,91|286,91|0,0000|0,00||
|C600|29|2922300||||0006787||30042011|177318,24|||||||||||2861,19|13178,80|
|C601|01|175006,69|173405,24|1,6500|2861,19||
|C601|06|2311,55|2311,55|0,0000|0,00||
|C605|01|175006,69|173405,24|7,6000|13178,80||
|C605|06|2311,55|2311,55|0,0000|0,00||
|C600|29|2922409||||0003413||30042011|116125,94|||||||||||1873,17|8627,95|
|C601|01|114699,31|113525,63|1,6500|1873,17||
|C601|06|1426,63|1426,63|0,0000|0,00||
|C605|01|114699,31|113525,63|7,6000|8627,95||
|C605|06|1426,63|1426,63|0,0000|0,00||
|C600|29|2922508||||0007132||30042011|183084,45|||||||||||2958,58|13627,39|
|C601|01|180540,54|179307,79|1,6500|2958,58||
|C601|06|2543,91|2543,91|0,0000|0,00||
|C605|01|180540,54|179307,79|7,6000|13627,39||
|C605|06|2543,91|2543,91|0,0000|0,00||
|C600|29|2922607||||0001024||30042011|39840,25|||||||||||636,54|2931,96|
|C601|01|39296,06|38578,43|1,6500|636,54||
|C601|06|544,19|544,19|0,0000|0,00||
|C605|01|39296,06|38578,43|7,6000|2931,96||
|C605|06|544,19|544,19|0,0000|0,00||
|C600|29|2922656||||0002223||30042011|50991,30|||||||||||818,96|3772,20|
|C601|01|50408,55|49634,24|1,6500|818,96||
|C601|06|582,75|582,75|0,0000|0,00||
|C605|01|50408,55|49634,24|7,6000|3772,20||
|C605|06|582,75|582,75|0,0000|0,00||
|C600|29|2922706||||0002370||30042011|53166,12|||||||||||867,59|3996,19|
|C601|01|52477,86|52581,41|1,6500|867,59||
|C601|06|688,26|688,26|0,0000|0,00||
|C605|01|52477,86|52581,41|7,6000|3996,19||
|C605|06|688,26|688,26|0,0000|0,00||
|C600|29|2922730||||0002344||30042011|49550,77|||||||||||810,08|3731,29|
|C601|01|48922,21|49095,91|1,6500|810,08||
|C601|06|628,56|628,56|0,0000|0,00||
|C605|01|48922,21|49095,91|7,6000|3731,29||
|C605|06|628,56|628,56|0,0000|0,00||
|C600|29|2922755||||0000913||30042011|19614,78|||||||||||322,24|1484,27|
|C601|01|19331,42|19529,89|1,6500|322,24||
|C601|06|283,36|283,36|0,0000|0,00||
|C605|01|19331,42|19529,89|7,6000|1484,27||
|C605|06|283,36|283,36|0,0000|0,00||
|C600|29|2922805||||0001107||30042011|21455,44|||||||||||342,87|1579,29|
|C601|01|21137,21|20780,14|1,6500|342,87||
|C601|06|318,23|318,23|0,0000|0,00||
|C605|01|21137,21|20780,14|7,6000|1579,29||
|C605|06|318,23|318,23|0,0000|0,00||
|C600|29|2922854||||0001754||30042011|33804,36|||||||||||543,74|2504,49|
|C601|01|33308,36|32953,75|1,6500|543,74||
|C601|06|496,00|496,00|0,0000|0,00||
|C605|01|33308,36|32953,75|7,6000|2504,49||
|C605|06|496,00|496,00|0,0000|0,00||
|C600|29|2922904||||0004292||30042011|100750,07|||||||||||1636,52|7537,92|
|C601|01|99238,97|99183,14|1,6500|1636,52||
|C601|06|1511,10|1511,10|0,0000|0,00||
|C605|01|99238,97|99183,14|7,6000|7537,92||
|C605|06|1511,10|1511,10|0,0000|0,00||
|C600|29|2923001||||0008435||30042011|216866,27|||||||||||3506,20|16149,75|
|C601|01|213133,38|212496,77|1,6500|3506,20||
|C601|06|3732,89|3732,89|0,0000|0,00||
|C605|01|213133,38|212496,77|7,6000|16149,75||
|C605|06|3732,89|3732,89|0,0000|0,00||
|C600|29|2923050||||0001777||30042011|28954,95|||||||||||463,38|2134,38|
|C601|01|28603,35|28083,91|1,6500|463,38||
|C601|06|351,60|351,60|0,0000|0,00||
|C605|01|28603,35|28083,91|7,6000|2134,38||
|C605|06|351,60|351,60|0,0000|0,00||
|C600|29|2923100||||0004238||30042011|112345,93|||||||||||1803,10|8305,20|
|C601|01|110308,08|109279,01|1,6500|1803,10||
|C601|06|2037,85|2037,85|0,0000|0,00||
|C605|01|110308,08|109279,01|7,6000|8305,20||
|C605|06|2037,85|2037,85|0,0000|0,00||
|C600|29|2923308||||0001821||30042011|40769,30|||||||||||657,09|3026,62|
|C601|01|40121,77|39823,91|1,6500|657,09||
|C601|06|647,53|647,53|0,0000|0,00||
|C605|01|40121,77|39823,91|7,6000|3026,62||
|C605|06|647,53|647,53|0,0000|0,00||
|C600|29|2923357||||0002170||30042011|46423,19|||||||||||733,17|3377,01|
|C601|01|45383,54|44434,36|1,6500|733,17||
|C601|06|1039,65|1039,65|0,0000|0,00||
|C605|01|45383,54|44434,36|7,6000|3377,01||
|C605|06|1039,65|1039,65|0,0000|0,00||
|C600|29|2923407||||0002719||30042011|58731,88|||||||||||949,28|4372,43|
|C601|01|57771,90|57531,99|1,6500|949,28||
|C601|06|959,98|959,98|0,0000|0,00||
|C605|01|57771,90|57531,99|7,6000|4372,43||
|C605|06|959,98|959,98|0,0000|0,00||
|C600|29|2923506||||0001528||30042011|45691,90|||||||||||751,67|3462,25|
|C601|01|44859,57|45555,91|1,6500|751,67||
|C601|06|832,33|832,33|0,0000|0,00||
|C605|01|44859,57|45555,91|7,6000|3462,25||
|C605|06|832,33|832,33|0,0000|0,00||
|C600|29|2923605||||0005610||30042011|152949,52|||||||||||2446,74|11269,82|
|C601|01|151041,72|148287,11|1,6500|2446,74||
|C601|06|1907,80|1907,80|0,0000|0,00||
|C605|01|151041,72|148287,11|7,6000|11269,82||
|C605|06|1907,80|1907,80|0,0000|0,00||
|C600|29|2923803||||0003150||30042011|65548,93|||||||||||1048,39|4828,93|
|C601|01|64416,02|63538,54|1,6500|1048,39||
|C601|06|1132,91|1132,91|0,0000|0,00||
|C605|01|64416,02|63538,54|7,6000|4828,93||
|C605|06|1132,91|1132,91|0,0000|0,00||
|C600|29|2923902||||0002565||30042011|56977,36|||||||||||924,51|4258,35|
|C601|01|56343,73|56030,96|1,6500|924,51||
|C601|06|633,63|633,63|0,0000|0,00||
|C605|01|56343,73|56030,96|7,6000|4258,35||
|C605|06|633,63|633,63|0,0000|0,00||
|C600|29|2924009||||0027605||30042011|1237067,89|||||||||||20070,19|92444,51|
|C601|01|1220289,86|1216375,10|1,6500|20070,19||
|C601|06|16778,03|16778,03|0,0000|0,00||
|C605|01|1220289,86|1216375,10|7,6000|92444,51||
|C605|06|16778,03|16778,03|0,0000|0,00||
|C600|29|2924058||||0002680||30042011|47013,09|||||||||||747,35|3442,36|
|C601|01|46091,36|45294,19|1,6500|747,35||
|C601|06|921,73|921,73|0,0000|0,00||
|C605|01|46091,36|45294,19|7,6000|3442,36||
|C605|06|921,73|921,73|0,0000|0,00||
|C600|29|2924108||||0000502||30042011|8556,51|||||||||||134,70|620,45|
|C601|01|8382,46|8163,82|1,6500|134,70||
|C601|06|174,05|174,05|0,0000|0,00||
|C605|01|8382,46|8163,82|7,6000|620,45||
|C605|06|174,05|174,05|0,0000|0,00||
|C600|29|2924207||||0000838||30042011|13660,31|||||||||||219,97|1013,21|
|C601|01|13463,91|13331,65|1,6500|219,97||
|C601|06|196,40|196,40|0,0000|0,00||
|C605|01|13463,91|13331,65|7,6000|1013,21||
|C605|06|196,40|196,40|0,0000|0,00||
|C600|29|2924504||||0001143||30042011|26202,19|||||||||||423,70|1951,60|
|C601|01|25826,78|25678,94|1,6500|423,70||
|C601|06|375,41|375,41|0,0000|0,00||
|C605|01|25826,78|25678,94|7,6000|1951,60||
|C605|06|375,41|375,41|0,0000|0,00||
|C600|29|2924652||||0001941||30042011|42572,28|||||||||||689,75|3177,05|
|C601|01|42044,48|41803,33|1,6500|689,75||
|C601|06|527,80|527,80|0,0000|0,00||
|C605|01|42044,48|41803,33|7,6000|3177,05||
|C605|06|527,80|527,80|0,0000|0,00||
|C600|29|2924678||||0001112||30042011|22894,23|||||||||||363,25|1673,15|
|C601|01|22452,83|22015,15|1,6500|363,25||
|C601|06|441,40|441,40|0,0000|0,00||
|C605|01|22452,83|22015,15|7,6000|1673,15||
|C605|06|441,40|441,40|0,0000|0,00||
|C600|29|2924702||||0001868||30042011|38217,92|||||||||||622,24|2866,06|
|C601|01|37912,52|37711,25|1,6500|622,24||
|C601|06|305,40|305,40|0,0000|0,00||
|C605|01|37912,52|37711,25|7,6000|2866,06||
|C605|06|305,40|305,40|0,0000|0,00||
|C600|29|2924801||||0005724||30042011|129364,25|||||||||||2090,43|9628,64|
|C601|01|127916,06|126692,64|1,6500|2090,43||
|C601|06|1448,19|1448,19|0,0000|0,00||
|C605|01|127916,06|126692,64|7,6000|9628,64||
|C605|06|1448,19|1448,19|0,0000|0,00||
|C600|29|2924900||||0001029||30042011|18109,21|||||||||||295,74|1362,21|
|C601|01|17802,75|17923,84|1,6500|295,74||
|C601|06|306,46|306,46|0,0000|0,00||
|C605|01|17802,75|17923,84|7,6000|1362,21||
|C605|06|306,46|306,46|0,0000|0,00||
|C600|29|2925006||||0004489||30042011|89651,87|||||||||||1416,80|6525,86|
|C601|01|87745,07|85866,54|1,6500|1416,80||
|C601|06|1906,80|1906,80|0,0000|0,00||
|C605|01|87745,07|85866,54|7,6000|6525,86||
|C605|06|1906,80|1906,80|0,0000|0,00||
|C600|29|2925105||||0011892||30042011|298545,60|||||||||||4855,49|22364,66|
|C601|01|295270,37|294271,85|1,6500|4855,49||
|C601|06|3275,23|3275,23|0,0000|0,00||
|C605|01|295270,37|294271,85|7,6000|22364,66||
|C605|06|3275,23|3275,23|0,0000|0,00||
|C600|29|2925204||||0008593||30042011|274087,13|||||||||||4419,68|20357,31|
|C601|01|270035,06|267859,29|1,6500|4419,68||
|C601|06|4052,07|4052,07|0,0000|0,00||
|C605|01|270035,06|267859,29|7,6000|20357,31||
|C605|06|4052,07|4052,07|0,0000|0,00||
|C600|29|2925253||||0004275||30042011|87597,70|||||||||||1406,46|6478,26|
|C601|01|86246,99|85240,26|1,6500|1406,46||
|C601|06|1350,71|1350,71|0,0000|0,00||
|C605|01|86246,99|85240,26|7,6000|6478,26||
|C605|06|1350,71|1350,71|0,0000|0,00||
|C600|29|2925303||||0026159||30042011|1434066,67|||||||||||23081,68|106315,61|
|C601|01|1410016,51|1398889,55|1,6500|23081,68||
|C601|06|24050,16|24050,16|0,0000|0,00||
|C605|01|1410016,51|1398889,55|7,6000|106315,61||
|C605|06|24050,16|24050,16|0,0000|0,00||
|C600|29|2925402||||0002726||30042011|66927,08|||||||||||1085,84|5001,43|
|C601|01|65943,19|65808,32|1,6500|1085,84||
|C601|06|983,89|983,89|0,0000|0,00||
|C605|01|65943,19|65808,32|7,6000|5001,43||
|C605|06|983,89|983,89|0,0000|0,00||
|C600|29|2925501||||0005577||30042011|195889,56|||||||||||3175,89|14628,33|
|C601|01|192327,20|192478,05|1,6500|3175,89||
|C601|06|3562,36|3562,36|0,0000|0,00||
|C605|01|192327,20|192478,05|7,6000|14628,33||
|C605|06|3562,36|3562,36|0,0000|0,00||
|C600|29|2925600||||0004741||30042011|88682,69|||||||||||1435,52|6612,08|
|C601|01|87798,05|87001,10|1,6500|1435,52||
|C601|06|884,64|884,64|0,0000|0,00||
|C605|01|87798,05|87001,10|7,6000|6612,08||
|C605|06|884,64|884,64|0,0000|0,00||
|C600|29|2925709||||0001663||30042011|30583,63|||||||||||498,99|2298,36|
|C601|01|30211,68|30241,58|1,6500|498,99||
|C601|06|371,95|371,95|0,0000|0,00||
|C605|01|30211,68|30241,58|7,6000|2298,36||
|C605|06|371,95|371,95|0,0000|0,00||
|C600|29|2925758||||0003137||30042011|65916,68|||||||||||1048,15|4827,86|
|C601|01|64382,99|63524,43|1,6500|1048,15||
|C601|06|1533,69|1533,69|0,0000|0,00||
|C605|01|64382,99|63524,43|7,6000|4827,86||
|C605|06|1533,69|1533,69|0,0000|0,00||
|C600|29|2925808||||0004535||30042011|96285,44|||||||||||1551,59|7146,73|
|C601|01|94545,85|94035,90|1,6500|1551,59||
|C601|06|1739,59|1739,59|0,0000|0,00||
|C605|01|94545,85|94035,90|7,6000|7146,73||
|C605|06|1739,59|1739,59|0,0000|0,00||
|C600|29|2925907||||0003670||30042011|84823,41|||||||||||1341,16|6177,48|
|C601|01|83102,25|81282,62|1,6500|1341,16||
|C601|06|1721,16|1721,16|0,0000|0,00||
|C605|01|83102,25|81282,62|7,6000|6177,48||
|C605|06|1721,16|1721,16|0,0000|0,00||
|C600|29|2925931||||0002508||30042011|50130,50|||||||||||804,61|3706,08|
|C601|01|49453,87|48764,15|1,6500|804,61||
|C601|06|676,63|676,63|0,0000|0,00||
|C605|01|49453,87|48764,15|7,6000|3706,08||
|C605|06|676,63|676,63|0,0000|0,00||
|C600|29|2925956||||0003000||30042011|69635,59|||||||||||1110,83|5116,56|
|C601|01|68671,94|67323,11|1,6500|1110,83||
|C601|06|963,65|963,65|0,0000|0,00||
|C605|01|68671,94|67323,11|7,6000|5116,56||
|C605|06|963,65|963,65|0,0000|0,00||
|C600|29|2926103||||0002781||30042011|52318,92|||||||||||831,08|3828,02|
|C601|01|51283,41|50368,69|1,6500|831,08||
|C601|06|1035,51|1035,51|0,0000|0,00||
|C605|01|51283,41|50368,69|7,6000|3828,02||
|C605|06|1035,51|1035,51|0,0000|0,00||
|C600|29|2926202||||0002106||30042011|54027,48|||||||||||875,86|4034,28|
|C601|01|53275,82|53082,68|1,6500|875,86||
|C601|06|751,66|751,66|0,0000|0,00||
|C605|01|53275,82|53082,68|7,6000|4034,28||
|C605|06|751,66|751,66|0,0000|0,00||
|C600|29|2926301||||0009043||30042011|205913,07|||||||||||3283,74|15125,10|
|C601|01|202274,08|199014,44|1,6500|3283,74||
|C601|06|3638,99|3638,99|0,0000|0,00||
|C605|01|202274,08|199014,44|7,6000|15125,10||
|C605|06|3638,99|3638,99|0,0000|0,00||
|C600|29|2926509||||0000485||30042011|16570,01|||||||||||267,05|1230,03|
|C601|01|16356,33|16184,65|1,6500|267,05||
|C601|06|213,68|213,68|0,0000|0,00||
|C605|01|16356,33|16184,65|7,6000|1230,03||
|C605|06|213,68|213,68|0,0000|0,00||
|C600|29|2926608||||0011093||30042011|281699,54|||||||||||4561,12|21008,78|
|C601|01|277605,04|276431,38|1,6500|4561,12||
|C601|06|4094,50|4094,50|0,0000|0,00||
|C605|01|277605,04|276431,38|7,6000|21008,78||
|C605|06|4094,50|4094,50|0,0000|0,00||
|C600|29|2926707||||0002148||30042011|78794,74|||||||||||1271,85|5858,24|
|C601|01|77697,24|77082,12|1,6500|1271,85||
|C601|06|1097,50|1097,50|0,0000|0,00||
|C605|01|77697,24|77082,12|7,6000|5858,24||
|C605|06|1097,50|1097,50|0,0000|0,00||
|C600|29|2926806||||0003042||30042011|66372,59|||||||||||1071,28|4934,37|
|C601|01|65435,01|64925,91|1,6500|1071,28||
|C601|06|937,58|937,58|0,0000|0,00||
|C605|01|65435,01|64925,91|7,6000|4934,37||
|C605|06|937,58|937,58|0,0000|0,00||
|C600|29|2926905||||0001773||30042011|45077,90|||||||||||734,81|3384,58|
|C601|01|44506,45|44533,93|1,6500|734,81||
|C601|06|571,45|571,45|0,0000|0,00||
|C605|01|44506,45|44533,93|7,6000|3384,58||
|C605|06|571,45|571,45|0,0000|0,00||
|C600|29|2927002||||0008300||30042011|190800,37|||||||||||3012,76|13876,95|
|C601|01|187260,09|182591,39|1,6500|3012,76||
|C601|06|3540,28|3540,28|0,0000|0,00||
|C605|01|187260,09|182591,39|7,6000|13876,95||
|C605|06|3540,28|3540,28|0,0000|0,00||
|C600|29|2927200||||0007490||30042011|190767,10|||||||||||3029,87|13955,77|
|C601|01|187433,88|183628,52|1,6500|3029,87||
|C601|06|3333,22|3333,22|0,0000|0,00||
|C605|01|187433,88|183628,52|7,6000|13955,77||
|C605|06|3333,22|3333,22|0,0000|0,00||
|C600|29|2927309||||0004959||30042011|136484,04|||||||||||2209,89|10178,90|
|C601|01|133834,60|133932,91|1,6500|2209,89||
|C601|06|2649,44|2649,44|0,0000|0,00||
|C605|01|133834,60|133932,91|7,6000|10178,90||
|C605|06|2649,44|2649,44|0,0000|0,00||
|C600|29|2927408||||0536348||30042011|61248014,89|||||||||||995180,13|4583859,99|
|C601|01|60503321,66|60313947,19|1,6500|995180,13||
|C601|06|744693,23|745009,67|0,0000|0,00||
|C605|01|60503321,66|60313947,19|7,6000|4583859,99||
|C605|06|744693,23|745009,67|0,0000|0,00||
|C600|29|2927507||||0003735||30042011|84622,10|||||||||||1341,28|6178,00|
|C601|01|83220,61|81289,44|1,6500|1341,28||
|C601|06|1401,49|1401,49|0,0000|0,00||
|C605|01|83220,61|81289,44|7,6000|6178,00||
|C605|06|1401,49|1401,49|0,0000|0,00||
|C600|29|2927606||||0002574||30042011|62870,30|||||||||||1004,69|4627,66|
|C601|01|61819,59|60890,31|1,6500|1004,69||
|C601|06|1050,71|1050,71|0,0000|0,00||
|C605|01|61819,59|60890,31|7,6000|4627,66||
|C605|06|1050,71|1050,71|0,0000|0,00||
|C600|29|2927705||||0004803||30042011|274910,05|||||||||||4457,91|20533,40|
|C601|01|271218,15|270176,38|1,6500|4457,91||
|C601|06|3691,90|3691,90|0,0000|0,00||
|C605|01|271218,15|270176,38|7,6000|20533,40||
|C605|06|3691,90|3691,90|0,0000|0,00||
|C600|29|2927804||||0001515||30042011|35220,74|||||||||||564,03|2597,97|
|C601|01|34744,55|34183,81|1,6500|564,03||
|C601|06|476,19|476,19|0,0000|0,00||
|C605|01|34744,55|34183,81|7,6000|2597,97||
|C605|06|476,19|476,19|0,0000|0,00||
|C600|29|2927903||||0003227||30042011|108857,06|||||||||||1764,53|8127,53|
|C601|01|107586,18|106941,18|1,6500|1764,53||
|C601|06|1270,88|1270,88|0,0000|0,00||
|C605|01|107586,18|106941,18|7,6000|8127,53||
|C605|06|1270,88|1270,88|0,0000|0,00||
|C600|29|2928000||||0007776||30042011|160078,09|||||||||||2557,04|11777,88|
|C601|01|157726,30|154972,08|1,6500|2557,04||
|C601|06|2351,79|2351,79|0,0000|0,00||
|C605|01|157726,30|154972,08|7,6000|11777,88||
|C605|06|2351,79|2351,79|0,0000|0,00||
|C600|29|2928059||||0002616||30042011|50494,97|||||||||||797,56|3673,60|
|C601|01|49550,01|48336,78|1,6500|797,56||
|C601|06|944,96|944,96|0,0000|0,00||
|C605|01|49550,01|48336,78|7,6000|3673,60||
|C605|06|944,96|944,96|0,0000|0,00||
|C600|29|2928208||||0005378||30042011|129102,30|||||||||||2083,27|9595,66|
|C601|01|127391,69|126258,66|1,6500|2083,27||
|C601|06|1710,61|1710,61|0,0000|0,00||
|C605|01|127391,69|126258,66|7,6000|9595,66||
|C605|06|1710,61|1710,61|0,0000|0,00||
|C600|29|2928307||||0001335||30042011|29631,52|||||||||||474,11|2183,78|
|C601|01|29094,82|28733,99|1,6500|474,11||
|C601|06|536,70|536,70|0,0000|0,00||
|C605|01|29094,82|28733,99|7,6000|2183,78||
|C605|06|536,70|536,70|0,0000|0,00||
|C600|29|2928505||||0002102||30042011|58441,80|||||||||||939,59|4327,82|
|C601|01|57725,26|56945,05|1,6500|939,59||
|C601|06|716,54|716,54|0,0000|0,00||
|C605|01|57725,26|56945,05|7,6000|4327,82||
|C605|06|716,54|716,54|0,0000|0,00||
|C600|29|2928604||||0014823||30042011|491779,21|||||||||||7895,03|36364,98|
|C601|01|482834,54|478486,53|1,6500|7895,03||
|C601|06|8944,67|8944,67|0,0000|0,00||
|C605|01|482834,54|478486,53|7,6000|36364,98||
|C605|06|8944,67|8944,67|0,0000|0,00||
|C600|29|2928703||||0024975||30042011|907810,60|||||||||||14686,46|67646,73|
|C601|01|895176,75|890088,50|1,6500|14686,46||
|C601|06|12633,85|12633,85|0,0000|0,00||
|C605|01|895176,75|890088,50|7,6000|67646,73||
|C605|06|12633,85|12633,85|0,0000|0,00||
|C600|29|2928802||||0010939||30042011|268180,62|||||||||||4234,13|19502,66|
|C601|01|263907,70|256613,92|1,6500|4234,13||
|C601|06|4272,92|4272,92|0,0000|0,00||
|C605|01|263907,70|256613,92|7,6000|19502,66||
|C605|06|4272,92|4272,92|0,0000|0,00||
|C600|29|2928901||||0002340||30042011|73432,01|||||||||||1177,15|5422,02|
|C601|01|72233,62|71342,41|1,6500|1177,15||
|C601|06|1198,39|1198,39|0,0000|0,00||
|C605|01|72233,62|71342,41|7,6000|5422,02||
|C605|06|1198,39|1198,39|0,0000|0,00||
|C600|29|2928950||||0002990||30042011|59884,66|||||||||||956,64|4406,33|
|C601|01|58879,74|57978,09|1,6500|956,64||
|C601|06|1004,92|1004,92|0,0000|0,00||
|C605|01|58879,74|57978,09|7,6000|4406,33||
|C605|06|1004,92|1004,92|0,0000|0,00||
|C600|29|2929008||||0002699||30042011|89476,67|||||||||||1454,02|6697,30|
|C601|01|88117,73|88122,40|1,6500|1454,02||
|C601|06|1358,94|1358,94|0,0000|0,00||
|C605|01|88117,73|88122,40|7,6000|6697,30||
|C605|06|1358,94|1358,94|0,0000|0,00||
|C600|29|2929107||||0002979||30042011|71758,77|||||||||||1149,34|5293,91|
|C601|01|70131,97|69656,77|1,6500|1149,34||
|C601|06|1626,80|1626,80|0,0000|0,00||
|C605|01|70131,97|69656,77|7,6000|5293,91||
|C605|06|1626,80|1626,80|0,0000|0,00||
|C600|29|2929206||||0010940||30042011|469442,99|||||||||||7462,75|34373,86|
|C601|01|460247,17|452287,60|1,6500|7462,75||
|C601|06|9195,82|9195,82|0,0000|0,00||
|C605|01|460247,17|452287,60|7,6000|34373,86||
|C605|06|9195,82|9195,82|0,0000|0,00||
|C600|29|2929255||||0005038||30042011|88009,83|||||||||||1417,50|6529,10|
|C601|01|87221,03|85909,18|1,6500|1417,50||
|C601|06|788,80|788,80|0,0000|0,00||
|C605|01|87221,03|85909,18|7,6000|6529,10||
|C605|06|788,80|788,80|0,0000|0,00||
|C600|29|2929305||||0006074||30042011|180701,10|||||||||||2901,51|13364,53|
|C601|01|178196,41|175849,08|1,6500|2901,51||
|C601|06|2504,69|2504,69|0,0000|0,00||
|C605|01|178196,41|175849,08|7,6000|13364,53||
|C605|06|2504,69|2504,69|0,0000|0,00||
|C600|29|2929354||||0001743||30042011|27550,47|||||||||||439,60|2024,83|
|C601|01|26998,11|26642,44|1,6500|439,60||
|C601|06|552,36|552,36|0,0000|0,00||
|C605|01|26998,11|26642,44|7,6000|2024,83||
|C605|06|552,36|552,36|0,0000|0,00||
|C600|29|2929370||||0002603||30042011|51853,93|||||||||||835,46|3848,20|
|C601|01|51300,76|50634,16|1,6500|835,46||
|C601|06|553,17|553,17|0,0000|0,00||
|C605|01|51300,76|50634,16|7,6000|3848,20||
|C605|06|553,17|553,17|0,0000|0,00||
|C600|29|2929404||||0001183||30042011|30331,62|||||||||||495,53|2282,42|
|C601|01|30011,09|30031,86|1,6500|495,53||
|C601|06|320,53|320,53|0,0000|0,00||
|C605|01|30011,09|30031,86|7,6000|2282,42||
|C605|06|320,53|320,53|0,0000|0,00||
|C600|29|2929503||||0008234||30042011|258890,05|||||||||||4153,23|19130,05|
|C601|01|254930,54|251711,12|1,6500|4153,23||
|C601|06|3959,51|3959,51|0,0000|0,00||
|C605|01|254930,54|251711,12|7,6000|19130,05||
|C605|06|3959,51|3959,51|0,0000|0,00||
|C600|29|2929602||||0002971||30042011|61023,19|||||||||||979,94|4513,68|
|C601|01|59962,79|59390,50|1,6500|979,94||
|C601|06|1060,40|1060,40|0,0000|0,00||
|C605|01|59962,79|59390,50|7,6000|4513,68||
|C605|06|1060,40|1060,40|0,0000|0,00||
|C600|29|2929701||||0002325||30042011|43335,71|||||||||||682,34|3142,91|
|C601|01|41895,55|41354,10|1,6500|682,34||
|C601|06|1440,16|1440,16|0,0000|0,00||
|C605|01|41895,55|41354,10|7,6000|3142,91||
|C605|06|1440,16|1440,16|0,0000|0,00||
|C600|29|2929750||||0007422||30042011|198030,81|||||||||||3146,20|14491,58|
|C601|01|193906,36|190678,66|1,6500|3146,20||
|C601|06|4124,45|4124,45|0,0000|0,00||
|C605|01|193906,36|190678,66|7,6000|14491,58||
|C605|06|4124,45|4124,45|0,0000|0,00||
|C600|29|2929800||||0002805||30042011|61851,31|||||||||||987,66|4549,23|
|C601|01|61105,42|59858,25|1,6500|987,66||
|C601|06|745,89|745,89|0,0000|0,00||
|C605|01|61105,42|59858,25|7,6000|4549,23||
|C605|06|745,89|745,89|0,0000|0,00||
|C600|29|2929909||||0006864||30042011|187080,31|||||||||||3049,80|14047,57|
|C601|01|185020,48|184836,40|1,6500|3049,80||
|C601|06|2059,83|2059,83|0,0000|0,00||
|C605|01|185020,48|184836,40|7,6000|14047,57||
|C605|06|2059,83|2059,83|0,0000|0,00||
|C600|29|2930105||||0022089||30042011|661656,09|||||||||||10707,62|49319,92|
|C601|01|651405,38|648946,38|1,6500|10707,62||
|C601|06|10250,71|10250,71|0,0000|0,00||
|C605|01|651405,38|648946,38|7,6000|49319,92||
|C605|06|10250,71|10250,71|0,0000|0,00||
|C600|29|2930303||||0002955||30042011|53310,39|||||||||||863,84|3978,92|
|C601|01|52521,53|52354,19|1,6500|863,84||
|C601|06|788,86|788,86|0,0000|0,00||
|C605|01|52521,53|52354,19|7,6000|3978,92||
|C605|06|788,86|788,86|0,0000|0,00||
|C600|29|2930402||||0002614||30042011|53285,94|||||||||||849,32|3912,03|
|C601|01|52343,11|51474,10|1,6500|849,32||
|C601|06|942,83|942,83|0,0000|0,00||
|C605|01|52343,11|51474,10|7,6000|3912,03||
|C605|06|942,83|942,83|0,0000|0,00||
|C600|29|2930501||||0018786||30042011|516642,41|||||||||||8304,72|38252,05|
|C601|01|509932,76|503316,49|1,6500|8304,72||
|C601|06|6709,65|6709,65|0,0000|0,00||
|C605|01|509932,76|503316,49|7,6000|38252,05||
|C605|06|6709,65|6709,65|0,0000|0,00||
|C600|29|2930600||||0004855||30042011|96729,79|||||||||||1548,59|7132,91|
|C601|01|95646,42|93854,07|1,6500|1548,59||
|C601|06|1083,37|1083,37|0,0000|0,00||
|C605|01|95646,42|93854,07|7,6000|7132,91||
|C605|06|1083,37|1083,37|0,0000|0,00||
|C600|29|2930709||||0022515||30042011|1861575,87|||||||||||30235,18|139265,09|
|C601|01|1843045,23|1832435,34|1,6500|30235,18||
|C601|06|18530,64|18530,64|0,0000|0,00||
|C605|01|1843045,23|1832435,34|7,6000|139265,09||
|C605|06|18530,64|18530,64|0,0000|0,00||
|C600|29|2930766||||0002444||30042011|44278,53|||||||||||710,46|3272,44|
|C601|01|43653,05|43058,42|1,6500|710,46||
|C601|06|625,48|625,48|0,0000|0,00||
|C605|01|43653,05|43058,42|7,6000|3272,44||
|C605|06|625,48|625,48|0,0000|0,00||
|C600|29|2930808||||0001724||30042011|35788,10|||||||||||568,23|2617,32|
|C601|01|35037,60|34438,43|1,6500|568,23||
|C601|06|750,50|750,50|0,0000|0,00||
|C605|01|35037,60|34438,43|7,6000|2617,32||
|C605|06|750,50|750,50|0,0000|0,00||
|C600|29|2930907||||0001359||30042011|25753,70|||||||||||419,94|1934,27|
|C601|01|25545,93|25450,89|1,6500|419,94||
|C601|06|207,77|207,77|0,0000|0,00||
|C605|01|25545,93|25450,89|7,6000|1934,27||
|C605|06|207,77|207,77|0,0000|0,00||
|C600|29|2931004||||0002834||30042011|84493,85|||||||||||1337,29|6159,64|
|C601|01|83323,22|81047,91|1,6500|1337,29||
|C601|06|1170,63|1170,63|0,0000|0,00||
|C605|01|83323,22|81047,91|7,6000|6159,64||
|C605|06|1170,63|1170,63|0,0000|0,00||
|C600|29|2931053||||0002810||30042011|62522,85|||||||||||1010,13|4652,74|
|C601|01|61817,62|61220,22|1,6500|1010,13||
|C601|06|705,23|705,23|0,0000|0,00||
|C605|01|61817,62|61220,22|7,6000|4652,74||
|C605|06|705,23|705,23|0,0000|0,00||
|C600|29|2931103||||0002056||30042011|49734,11|||||||||||769,75|3545,53|
|C601|01|48883,87|46651,73|1,6500|769,75||
|C601|06|850,24|850,24|0,0000|0,00||
|C605|01|48883,87|46651,73|7,6000|3545,53||
|C605|06|850,24|850,24|0,0000|0,00||
|C600|29|2931301||||0003312||30042011|64131,37|||||||||||1033,79|4761,68|
|C601|01|63182,63|62653,68|1,6500|1033,79||
|C601|06|948,74|948,74|0,0000|0,00||
|C605|01|63182,63|62653,68|7,6000|4761,68||
|C605|06|948,74|948,74|0,0000|0,00||
|C600|29|2931350||||0032435||30042011|1113378,13|||||||||||17827,72|82115,58|
|C601|01|1088922,30|1080468,12|1,6500|17827,72||
|C601|06|24455,83|24455,83|0,0000|0,00||
|C605|01|1088922,30|1080468,12|7,6000|82115,58||
|C605|06|24455,83|24455,83|0,0000|0,00||
|C600|29|2931400||||0002278||30042011|47966,50|||||||||||766,06|3528,51|
|C601|01|47180,72|46427,74|1,6500|766,06||
|C601|06|785,78|785,78|0,0000|0,00||
|C605|01|47180,72|46427,74|7,6000|3528,51||
|C605|06|785,78|785,78|0,0000|0,00||
|C600|29|2931509||||0004190||30042011|73813,36|||||||||||1142,17|5260,93|
|C601|01|72328,31|69222,72|1,6500|1142,17||
|C601|06|1485,05|1485,05|0,0000|0,00||
|C605|01|72328,31|69222,72|7,6000|5260,93||
|C605|06|1485,05|1485,05|0,0000|0,00||
|C600|29|2931608||||0001120||30042011|25172,92|||||||||||407,61|1877,47|
|C601|01|24688,42|24703,53|1,6500|407,61||
|C601|06|484,50|484,50|0,0000|0,00||
|C605|01|24688,42|24703,53|7,6000|1877,47||
|C605|06|484,50|484,50|0,0000|0,00||
|C600|29|2931707||||0002670||30042011|52859,99|||||||||||844,72|3890,82|
|C601|01|51855,64|51195,02|1,6500|844,72||
|C601|06|1004,35|1004,35|0,0000|0,00||
|C605|01|51855,64|51195,02|7,6000|3890,82||
|C605|06|1004,35|1004,35|0,0000|0,00||
|C600|29|2931806||||0001405||30042011|37696,05|||||||||||607,49|2798,12|
|C601|01|37431,83|36817,43|1,6500|607,49||
|C601|06|264,22|264,22|0,0000|0,00||
|C605|01|37431,83|36817,43|7,6000|2798,12||
|C605|06|264,22|264,22|0,0000|0,00||
|C600|29|2931905||||0007925||30042011|228526,26|||||||||||3683,63|16967,01|
|C601|01|225548,91|223250,17|1,6500|3683,63||
|C601|06|2977,35|2977,35|0,0000|0,00||
|C605|01|225548,91|223250,17|7,6000|16967,01||
|C605|06|2977,35|2977,35|0,0000|0,00||
|C600|29|2932002||||0004506||30042011|110794,68|||||||||||1784,16|8217,95|
|C601|01|109192,72|108130,88|1,6500|1784,16||
|C601|06|1601,96|1601,96|0,0000|0,00||
|C605|01|109192,72|108130,88|7,6000|8217,95||
|C605|06|1601,96|1601,96|0,0000|0,00||
|C600|29|2932101||||0002937||30042011|71832,03|||||||||||1143,78|5268,30|
|C601|01|69236,33|69319,78|1,6500|1143,78||
|C601|06|2595,70|2595,70|0,0000|0,00||
|C605|01|69236,33|69319,78|7,6000|5268,30||
|C605|06|2595,70|2595,70|0,0000|0,00||
|C600|29|2932200||||0005212||30042011|132284,97|||||||||||2113,62|9735,47|
|C601|01|129855,50|128098,24|1,6500|2113,62||
|C601|06|2429,47|2429,47|0,0000|0,00||
|C605|01|129855,50|128098,24|7,6000|9735,47||
|C605|06|2429,47|2429,47|0,0000|0,00||
|C600|29|2932309||||0005898||30042011|169124,25|||||||||||2736,35|12603,81|
|C601|01|166967,85|165839,55|1,6500|2736,35||
|C601|06|2156,40|2156,40|0,0000|0,00||
|C605|01|166967,85|165839,55|7,6000|12603,81||
|C605|06|2156,40|2156,40|0,0000|0,00||
|C600|29|2932408||||0004647||30042011|84967,78|||||||||||1373,13|6324,72|
|C601|01|84259,10|83220,06|1,6500|1373,13||
|C601|06|708,68|708,68|0,0000|0,00||
|C605|01|84259,10|83220,06|7,6000|6324,72||
|C605|06|708,68|708,68|0,0000|0,00||
|C600|29|2932457||||0002013||30042011|40224,95|||||||||||639,97|2947,75|
|C601|01|39625,97|38786,12|1,6500|639,97||
|C601|06|598,98|598,98|0,0000|0,00||
|C605|01|39625,97|38786,12|7,6000|2947,75||
|C605|06|598,98|598,98|0,0000|0,00||
|C600|29|2932507||||0004198||30042011|108141,12|||||||||||1718,82|7917,00|
|C601|01|106262,34|104171,05|1,6500|1718,82||
|C601|06|1878,78|1878,78|0,0000|0,00||
|C605|01|106262,34|104171,05|7,6000|7917,00||
|C605|06|1878,78|1878,78|0,0000|0,00||
|C600|29|2932705||||0005063||30042011|112788,65|||||||||||1825,54|8408,56|
|C601|01|111108,22|110638,96|1,6500|1825,54||
|C601|06|1680,43|1680,43|0,0000|0,00||
|C605|01|111108,22|110638,96|7,6000|8408,56||
|C605|06|1680,43|1680,43|0,0000|0,00||
|C600|29|2932804||||0004266||30042011|91319,60|||||||||||1473,69|6787,91|
|C601|01|89965,30|89314,60|1,6500|1473,69||
|C601|06|1354,30|1354,30|0,0000|0,00||
|C605|01|89965,30|89314,60|7,6000|6787,91||
|C605|06|1354,30|1354,30|0,0000|0,00||
|C600|29|2933000||||0006600||30042011|133383,40|||||||||||2141,05|9861,82|
|C601|01|131542,45|129760,79|1,6500|2141,05||
|C601|06|1840,95|1841,80|0,0000|0,00||
|C605|01|131542,45|129760,79|7,6000|9861,82||
|C605|06|1840,95|1841,80|0,0000|0,00||
|C600|29|2933059||||0003689||30042011|74519,29|||||||||||1208,25|5565,25|
|C601|01|73464,03|73227,03|1,6500|1208,25||
|C601|06|1055,26|1055,26|0,0000|0,00||
|C605|01|73464,03|73227,03|7,6000|5565,25||
|C605|06|1055,26|1055,26|0,0000|0,00||
|C600|29|2933109||||0002486||30042011|50337,12|||||||||||802,15|3694,77|
|C601|01|49164,90|48615,39|1,6500|802,15||
|C601|06|1172,22|1172,22|0,0000|0,00||
|C605|01|49164,90|48615,39|7,6000|3694,77||
|C605|06|1172,22|1172,22|0,0000|0,00||
|C600|29|2933158||||0003265||30042011|57344,17|||||||||||917,24|4224,85|
|C601|01|56781,43|55590,14|1,6500|917,24||
|C601|06|562,74|562,74|0,0000|0,00||
|C605|01|56781,43|55590,14|7,6000|4224,85||
|C605|06|562,74|562,74|0,0000|0,00||
|C600|29|2933174||||0001014||30042011|21105,62|||||||||||336,28|1548,93|
|C601|01|20790,16|20380,61|1,6500|336,28||
|C601|06|315,46|315,46|0,0000|0,00||
|C605|01|20790,16|20380,61|7,6000|1548,93||
|C605|06|315,46|315,46|0,0000|0,00||
|C600|29|2933208||||0019955||30042011|758638,58|||||||||||12173,97|56074,04|
|C601|01|747120,95|737816,34|1,6500|12173,97||
|C601|06|11517,63|11517,63|0,0000|0,00||
|C605|01|747120,95|737816,34|7,6000|56074,04||
|C605|06|11517,63|11517,63|0,0000|0,00||
|C600|29|2933257||||0001094||30042011|24070,80|||||||||||393,30|1811,58|
|C601|01|23797,49|23836,55|1,6500|393,30||
|C601|06|273,31|273,31|0,0000|0,00||
|C605|01|23797,49|23836,55|7,6000|1811,58||
|C605|06|273,31|273,31|0,0000|0,00||
|C600|29|2933307||||0074350||30042011|4117925,56|||||||||||66627,92|306892,24|
|C601|01|4057282,56|4038055,74|1,6500|66627,92||
|C601|06|60643,00|60643,00|0,0000|0,00||
|C605|01|4057282,56|4038055,74|7,6000|306892,24||
|C605|06|60643,00|60643,00|0,0000|0,00||
|C600|29|2933406||||0002113||30042011|53773,70|||||||||||871,00|4011,88|
|C601|01|53180,48|52787,84|1,6500|871,00||
|C601|06|593,22|593,22|0,0000|0,00||
|C605|01|53180,48|52787,84|7,6000|4011,88||
|C605|06|593,22|593,22|0,0000|0,00||
|C600|29|2933455||||0002059||30042011|46509,68|||||||||||749,66|3452,99|
|C601|01|45870,02|45434,08|1,6500|749,66||
|C601|06|639,66|639,66|0,0000|0,00||
|C605|01|45870,02|45434,08|7,6000|3452,99||
|C605|06|639,66|639,66|0,0000|0,00||
|C600|29|2933505||||0002625||30042011|52566,18|||||||||||822,55|3788,71|
|C601|01|51539,14|49851,42|1,6500|822,55||
|C601|06|1027,04|1027,04|0,0000|0,00||
|C605|01|51539,14|49851,42|7,6000|3788,71||
|C605|06|1027,04|1027,04|0,0000|0,00||
|C990|1793|
|D001|1|
|D990|2|
|F001|0|
|F010|77777777000191|
|F600|01|30112010|41,70|3,94|6190|0|33004300000360|0,27|1,25|0|
|F600|01|30112010|2906,29|274,65|6190|0|29979036049581|18,89|87,20|0|
|F600|01|30112010|533231,50|50390,37|6190|0|15180714000104|3466,85|15998,94|0|
|F600|01|30112010|24491,25|2314,43|6190|0|07777800000162|159,23|734,83|0|
|F600|01|30112010|7096,22|670,59|6190|0|04892707001930|46,13|212,91|0|
|F600|01|30112010|3958,16|374,02|6190|0|00394502002864|25,73|118,75|0|
|F600|01|30112010|272,36|25,74|6190|0|00059311001874|1,77|8,17|0|
|F600|02|30112010|89791,82|8484,95|6190|0|34028316000537|583,76|2693,97|0|
|F600|02|30112010|143149,71|13527,64|6190|0|33000167013270|930,70|4295,02|0|
|F600|02|30112010|124404,26|11756,17|6190|0|00360305265914|808,82|3732,58|0|
|F600|02|30112010|69775,87|6593,58|6190|0|00000000319414|453,63|2093,46|0|
|F600|99|30112010|319,04|30,15|6190|0|00059311004032|2,07|9,57|0|
|F600|99|30112010|100,88|9,53|6190|0|00059311001793|0,65|3,02|0|
|F600|99|30112010|2613,50|246,97|6190|0|00043711000739|16,99|78,41|0|
|F600|99|30112010|3581,40|338,44|6190|0|00038166000105|23,28|107,45|0|
|F600|99|30112010|80562,56|7613,16|6190|0|00394452033702|523,78|2417,17|0|
|F600|99|30112010|20521,24|1939,25|6190|0|00394452001177|133,42|615,71|0|
|F600|99|30112010|67602,88|6388,47|6190|0|00394429001425|439,52|2028,33|0|
|F600|99|30112010|5172,28|488,78|6190|0|00381056000800|33,62|155,18|0|
|F600|99|30112010|907,88|85,79|6190|0|00375114000116|5,90|27,23|0|
|F600|99|30112010|1089,10|102,92|6190|0|00352294005007|7,08|32,67|0|
|F600|99|30112010|1698,94|160,55|6190|0|00348003004531|11,04|50,97|0|
|F600|99|30112010|83,40|7,88|6190|0|00091652000774|0,54|2,50|0|
|F600|99|30112010|214,26|20,24|6190|0|00394502019325|1,39|6,42|0|
|F600|99|30112010|1417,92|133,99|6190|0|00394502012231|9,21|42,54|0|
|F600|99|30112010|26529,31|2507,02|6190|0|00394502011855|172,48|795,97|0|
|F600|99|30112010|14189,41|1340,90|6190|0|00394502006770|92,25|425,73|0|
|F600|99|30112010|4041,00|381,87|6190|0|00394502002945|26,27|121,24|0|
|F600|99|30112010|5624,45|531,51|6190|0|00394502002864|36,56|168,75|0|
|F600|99|30112010|56942,60|5381,04|6190|0|00394502002783|370,21|1708,48|0|
|F600|99|30112010|7989,60|755,02|6190|0|00394494010956|51,94|239,71|0|
|F600|99|30112010|16390,12|1548,85|6190|0|00394494002260|106,56|491,75|0|
|F600|99|30112010|6078,01|574,36|6190|0|00394460046486|39,51|182,35|0|
|F600|99|30112010|2136,86|201,93|6190|0|00394460022200|13,89|64,11|0|
|F600|99|30112010|2001,03|189,10|6190|0|00394460021068|13,01|60,03|0|
|F600|99|30112010|5266,96|497,74|6190|0|00394460009440|34,24|158,03|0|
|F600|99|30112010|9276,66|876,64|6190|0|00394460009017|60,31|278,33|0|
|F600|99|30112010|7346,64|694,26|6190|0|00394460000656|47,76|220,42|0|
|F600|99|30112010|85052,69|8037,47|6190|0|00394452043848|552,97|2551,89|0|
|F600|99|30112010|703,12|66,45|6190|0|07237373012640|4,57|21,09|0|
|F600|99|30112010|130,04|12,29|6190|0|07237373011750|0,84|3,90|0|
|F600|99|30112010|108,02|10,21|6190|0|07237373010435|0,70|3,24|0|
|F600|99|30112010|285,42|26,97|6190|0|07237373009003|1,85|8,56|0|
|F600|99|30112010|90,50|8,55|6190|0|07237373008457|0,58|2,71|0|
|F600|99|30112010|72,20|6,82|6190|0|07237373007485|0,46|2,16|0|
|F600|99|30112010|866,29|81,86|6190|0|07237373007302|5,63|25,99|0|
|F600|99|30112010|516,06|48,77|6190|0|07237373002769|3,35|15,48|0|
|F600|99|30112010|163,70|15,47|6190|0|07237373002254|1,06|4,91|0|
|F600|99|30112010|384,63|36,35|6190|0|07237373001959|2,50|11,54|0|
|F600|99|30112010|1946,91|183,98|6190|0|07237373001444|12,65|58,41|0|
|F600|99|30112010|126,10|11,91|6190|0|07237373001363|0,81|3,78|0|
|F600|99|30112010|172,85|16,33|6190|0|07237373000391|1,12|5,18|0|
|F600|99|30112010|134,11|12,67|6190|0|07237373000120|0,87|4,02|0|
|F600|99|30112010|36047,40|3406,48|6190|0|05967350000145|234,36|1081,55|0|
|F600|99|30112010|21403,48|2022,61|6190|0|05442957000101|139,15|642,17|0|
|F600|99|30112010|83,40|7,88|6190|0|03659166002741|0,54|2,50|0|
|F600|99|30112010|10807,27|1021,29|6190|0|03559037000142|70,26|324,25|0|
|F600|99|30112010|42577,52|4023,56|6190|0|02839639000190|276,82|1277,48|0|
|F600|99|30112010|1399,60|132,26|6190|0|02030715001860|9,09|41,99|0|
|F600|99|30112010|436,86|41,28|6190|0|01175497000141|2,84|13,10|0|
|F600|99|30112010|38310,24|3620,32|6190|0|00853966000171|249,07|1149,45|0|
|F600|99|30112010|75,06|7,09|6190|0|00643742001026|0,48|2,25|0|
|F600|99|30112010|1161,06|109,72|6190|0|00497552001714|7,54|34,83|0|
|F600|99|30112010|1119,61|105,80|6190|0|00414607000460|7,27|33,59|0|
|F600|99|30112010|802,92|75,87|6190|0|00399857002846|5,21|24,08|0|
|F600|99|30112010|249,45|23,57|6190|0|00399857001360|1,62|7,48|0|
|F600|99|30112010|523,68|49,49|6190|0|00399857001017|3,40|15,71|0|
|F600|99|30112010|341,57|32,27|6190|0|00399857000983|2,22|10,24|0|
|F600|99|30112010|2331,85|220,34|6190|0|00396895008290|15,15|69,95|0|
|F600|99|30112010|11597,88|1095,99|6190|0|00396895005275|75,40|347,97|0|
|F600|99|30112010|1763,92|166,69|6190|0|00396895002411|11,46|52,92|0|
|F600|99|30112010|7055,05|666,71|6190|0|62428073001701|45,86|211,68|0|
|F600|99|30112010|15153,70|1432,03|6190|0|42709402000100|98,52|454,66|0|
|F600|99|30112010|194,43|18,37|6190|0|40514168000130|1,26|5,83|0|
|F600|99|30112010|209,35|19,78|6190|0|37115490000181|1,36|6,28|0|
|F600|99|30112010|5369,48|507,40|6190|0|37115367001132|34,90|161,09|0|
|F600|99|30112010|41,70|3,94|6190|0|37115342003344|0,27|1,25|0|
|F600|99|30112010|3344,95|316,10|6190|0|34274233008006|21,74|100,36|0|
|F600|99|30112010|13233,50|1250,57|6190|0|33781055000135|86,03|397,05|0|
|F600|99|30112010|17564,36|1659,83|6190|0|33683111000107|114,19|526,99|0|
|F600|99|30112010|251929,82|23807,39|6190|0|33541368000469|1637,94|7558,84|0|
|F600|99|30112010|674,46|63,74|6190|0|33004300000793|4,38|20,23|0|
|F600|99|30112010|1483,94|140,22|6190|0|33004300000360|9,64|44,51|0|
|F600|99|30112010|108,02|10,21|6190|0|33000167023667|0,70|3,24|0|
|F600|99|30112010|6155,35|581,68|6190|0|33000167014595|40,01|184,68|0|
|F600|99|30112010|68845,16|6505,88|6190|0|33000167014323|447,60|2065,61|0|
|F600|99|30112010|882,09|83,36|6190|0|33000167013270|5,73|26,46|0|
|F600|99|30112010|1410,57|133,30|6190|0|29979036003409|9,17|42,32|0|
|F600|99|30112010|3632,73|343,29|6190|0|29979036003085|23,61|108,99|0|
|F600|99|30112010|2865,98|270,83|6190|0|29979036002941|18,63|85,98|0|
|F600|99|30112010|3725,66|352,07|6190|0|29979036002437|24,22|111,78|0|
|F600|99|30112010|4357,74|411,80|6190|0|29979036002194|28,33|130,74|0|
|F600|99|30112010|19058,49|1801,02|6190|0|29979036001465|123,91|571,82|0|
|F600|99|30112010|269,04|25,42|6190|0|26994558001367|1,74|8,07|0|
|F600|99|30112010|3605,95|340,76|6190|0|26989715003632|23,44|108,19|0|
|F600|99|30112010|6310,25|596,31|6190|0|26989715001001|41,02|189,32|0|
|F600|99|30112010|49,99|4,72|6190|0|26989715000455|0,32|1,49|0|
|F600|99|30112010|26031,41|2459,97|6190|0|26989350001783|169,24|781,04|0|
|F600|99|30112010|6845,79|646,90|6190|0|26474056000848|44,50|205,39|0|
|F600|99|30112010|718,37|67,88|6190|0|26461699006111|4,67|21,55|0|
|F600|99|30112010|128,16|12,11|6190|0|15245848000158|0,83|3,84|0|
|F600|99|30112010|6085,88|575,12|6190|0|14855787000188|39,56|182,60|0|
|F600|99|30112010|35,60|3,36|6190|0|14820039000160|0,23|1,06|0|
|F600|99|30112010|40,70|3,85|6190|0|14372148000404|0,26|1,22|0|
|F600|99|30112010|21967,66|2075,94|6190|0|14372148000323|142,82|659,11|0|
|F600|99|30112010|260028,19|24572,66|6190|0|14372148000161|1690,59|7801,81|0|
|F600|99|30112010|117,95|11,15|6190|0|13323274000163|0,76|3,54|0|
|F600|99|30112010|10465,12|988,95|6190|0|10882519000102|68,03|313,99|0|
|F600|99|30112010|3743,38|353,75|6190|0|10764307000970|24,33|112,31|0|
|F600|99|30112010|1548,48|146,33|6190|0|10764307000708|10,06|46,45|0|
|F600|99|30112010|4075,22|385,11|6190|0|10764307000627|26,49|122,27|0|
|F600|99|30112010|1897,52|179,32|6190|0|10764307000546|12,33|56,93|0|
|F600|99|30112010|4603,52|435,03|6190|0|10764307000465|29,93|138,12|0|
|F600|99|30112010|20542,59|1941,28|6190|0|10764307000201|133,56|616,35|0|
|F600|99|30112010|5573,76|526,72|6190|0|10764307000112|36,23|167,23|0|
|F600|99|30112010|36396,89|3439,51|6190|0|10724903000179|236,63|1092,04|0|
|F600|99|30112010|19710,61|1862,65|6190|0|10562575000151|128,15|591,39|0|
|F600|99|30112010|1408,84|133,13|6190|0|10438556000118|9,15|42,26|0|
|F600|99|30112010|4201,07|396,99|6190|0|10438215000142|27,31|126,04|0|
|F600|99|30112010|37733,70|3565,84|6190|0|10363252000139|245,32|1132,15|0|
|F600|99|30112010|3549,14|335,40|6190|0|09572891000125|23,07|106,48|0|
|F600|99|30112010|363,75|34,38|6190|0|08829974000780|2,36|10,91|0|
|F600|99|30112010|417,71|39,47|6190|0|07237373019653|2,71|12,53|0|
|F600|99|30112010|456,59|43,15|6190|0|07237373018177|2,96|13,70|0|
|F600|99|30112010|318,25|30,08|6190|0|07237373017790|2,06|9,55|0|
|F600|99|30112010|127,10|12,01|6190|0|07237373017367|0,82|3,81|0|
|F600|99|30112010|218,60|20,66|6190|0|07237373016395|1,42|6,55|0|
|F600|99|30112010|318,86|30,13|6190|0|07237373016042|2,07|9,56|0|
|F600|99|30112010|187,94|17,76|6190|0|07237373015151|1,22|5,63|0|
|F600|99|30112010|53,90|5,09|6190|0|07237373014341|0,35|1,61|0|
|F600|99|30112010|973,97|92,04|6190|0|07237373014260|6,33|29,22|0|
|F600|99|30112010|362,59|34,26|6190|0|07237373013299|2,35|10,87|0|
|F600|01|30112010|5437,87|513,88|6190|0|26989350001783|35,35|163,15|0|
|F600|01|27112010|3434,51|324,56|6190|0|00396895008371|22,33|103,05|0|
|F990|137|
|M001|1|
|M990|2|
|1001|1|
|1990|2|
|9001|0|
|9900|0000|1|
|9900|0001|1|
|9900|0110|1|
|9900|0140|1|
|9900|0990|1|
|9900|1001|1|
|9900|1990|1|
|9900|9001|1|
|9900|9990|1|
|9900|9999|1|
|9900|A001|1|
|9900|A990|1|
|9900|C001|1|
|9900|C010|1|
|9900|C600|358|
|9900|C601|716|
|9900|C605|716|
|9900|C990|1|
|9900|D001|1|
|9900|D990|1|
|9900|F001|1|
|9900|F010|1|
|9900|F600|134|
|9900|F990|1|
|9900|M001|1|
|9900|M200|0|
|9900|M300|0|
|9900|M600|0|
|9900|M990|1|
|9900|9900|30|
|9990|33|
|9999|1976|
